@article{bambi2018astrophysical,
  title={Astrophysical Black Holes: A Compact Pedagogical Review},
  author={Bambi, Cosimo},
  journal={Annalen der Physik},
  volume={530},
  number={6},
  pages={1700430},
  year={2018},
  publisher={Wiley Online Library}
}
@article{tettamanti2016numerical,
  title={Numerical study of a recent black-hole lasing experiment},
  author={Tettamanti, M and Cacciatori, SL and Parola, A and Carusotto, I},
  journal={EPL (Europhysics Letters)},
  volume={114},
  number={6},
  pages={60011},
  year={2016},
  publisher={IOP Publishing}
}

@article{steinhauer2017self,
  title={Self-amplifying Hawking radiation and its background: A numerical study},
  author={Steinhauer, Jeff and de Nova, Juan Ram{\'o}n Mu{\~n}oz},
  journal={Physical Review A},
  volume={95},
  number={3},
  pages={033604},
  year={2017},
  publisher={APS}
}

@article{2012Larre,
  title={Quantum fluctuations around black hole horizons in {B}ose-{E}instein condensates},
  author={Larr{\'e}, P-{\'E} and Recati, A and Carusotto, Iacopo and Pavloff, N},
  journal={Physical Review A},
  volume={85},
  number={1},
  pages={013621},
  year={2012},
  publisher={APS}
}
@book{drummond2014quantum,
  title={The quantum theory of nonlinear optics},
  author={Drummond, Peter D and Hillery, Mark},
  year={2014},
  publisher={Cambridge University Press}
}
@book{mukhanov2007introduction,
  title={Introduction to quantum effects in gravity},
  author={Mukhanov, Viatcheslav and Winitzki, Sergei},
  year={2007},
  publisher={Cambridge University Press}
}
@article{2009RParentani,
  title={Black-hole radiation in {B}ose-{E}instein condensates},
  author={Macher, Jean and Parentani, Renaud},
  journal={Physical Review A},
  volume={80},
  number={4},
  pages={043601},
  year={2009},
  publisher={APS}
}
@article{gallaire2017fluid,
  title={Fluid dynamic instabilities: theory and application to pattern forming in complex media},
  author={Gallaire, Fran{\c{c}}ois and Brun, P-T},
  journal={Philosophical Transactions of the Royal Society A: Mathematical, Physical and Engineering Sciences},
  volume={375},
  number={2093},
  pages={20160155},
  year={2017},
  publisher={The Royal Society Publishing}
}

@book{Hydrodynamic,
   title =     {Hydrodynamic Instabilities},
   author =    {Fran√ßois Charru},
   publisher = {Cambridge University Press},
   year =      {2011},
   series =    {Cambridge Texts in Applied Mathematics 37},
   edition =   {},
   volume =    {},
  }

@article{susskind2006paradox,
  title={The paradox of quantum black holes},
  author={Susskind, Leonard},
  journal={Nature Physics},
  volume={2},
  number={10},
  pages={665},
  year={2006},
  publisher={Nature Publishing Group}
}
@book{hawking1989three,
  title={Three hundred years of gravitation},
  author={Hawking, Stephen W and Israel, Werner},
  year={1989},
  publisher={Cambridge University Press}
}
@book{volovik2003universe,
  Address = {Oxford},
  title={The universe in a helium droplet},
  author={Volovik, Grigory E},
  volume={117},
  year={2003},
  publisher={Oxford University Press on Demand}
}
@article{jacobson1998event,
  title={Event horizons and ergoregions in 3{H}e},
  author={Jacobson, TA and Volovik, GE},
  journal={Physical Review D},
  volume={58},
  number={6},
  pages={064021},
  year={1998},
  publisher={APS}
}

@article{bombaci1996maximum,
  title={The maximum mass of a neutron star.},
  author={Bombaci, Ignazio},
  journal={Astronomy and Astrophysics},
  volume={305},
  pages={871},
  year={1996}
}
@article{zapata2011resonant,
  title={Resonant hawking radiation in {B}ose--{E}instein condensates},
  author={Zapata, Ivar and Albert, Mathias and Parentani, Renaud and Sols, Fernando},
  journal={New Journal of Physics},
  volume={13},
  number={6},
  pages={063048},
  year={2011},
  publisher={IOP Publishing}
}
@article{Bekenstein1973,
	Author = {Bekenstein, Jacob D},
	Journal = {Physical Review D},
	Number = {8},
	Pages = {2333--2346},
	Title = {{Black holes and entropy}},
	Volume = {7},
	Year = {1973}}
@article{2018Bermudez,
  title={Resonant {H}awking radiation as an instability},
  author={Bermudez, David and Leonhardt, Ulf},
  journal={Classical and Quantum Gravity},
  volume={36},
  number={2},
  pages={024001},
  year={2018},
  publisher={IOP Publishing}
}

@article{curtis2019evanescent,
  title={Evanescent modes and step-like acoustic black holes},
  author={Curtis, Jonathan and Refael, Gil and Galitski, Victor},
  journal={Annals of Physics},
  volume={407},
  pages={148--165},
  year={2019},
  publisher={Elsevier}
}

@article{coutant2019slow,
  title={Slow sound laser in lined flow ducts},
  author={Coutant, Antonin and Aur{\'e}gan, Yves and Pagneux, Vincent},
  journal={arXiv preprint arXiv:1904.03079},
  year={2019}
}
@article{drori2019observation,
  title={Observation of stimulated Hawking radiation in an optical analogue},
  author={Drori, Jonathan and Rosenberg, Yuval and Bermudez, David and Silberberg, Yaron and Leonhardt, Ulf},
  journal={Physical Review Letters},
  volume={122},
  number={1},
  pages={010404},
  year={2019},
  publisher={APS}
}
@article{philbin2008fiber,
  title={Fiber-optical analog of the event horizon},
  author={Philbin, Thomas G and Kuklewicz, Chris and Robertson, Scott and Hill, Stephen and K{\"o}nig, Friedrich and Leonhardt, Ulf},
  journal={Science},
  volume={319},
  number={5868},
  pages={1367--1370},
  year={2008},
  publisher={American Association for the Advancement of Science}
}
@article{jannes2011hawking,
  title={Hawking radiation and the boomerang behavior of massive modes near a horizon},
  author={Jannes, Gil and Ma{\"\i}ssa, Philippe and Philbin, Thomas G and Rousseaux, Germain},
  journal={Physical Review D},
  volume={83},
  number={10},
  pages={104028},
  year={2011},
  publisher={APS}
}
@book{aitchison2012gauge,
  title={Gauge theories in particle physics: A practical introduction, Volume 2: Non-Abelian Gauge theories: QCD and the electroweak theory},
  author={Aitchison, Ian JR and Hey, Anthony JG},
  year={2012},
  publisher={CRC Press}
}
@article{dewitt1975quantum,
  title={Quantum field theory in curved spacetime},
  author={DeWitt, Bryce S},
  journal={Physics Reports},
  volume={19},
  number={6},
  pages={295--357},
  year={1975},
  publisher={Elsevier}
}
@incollection{ford2005spacetime,
  title={Spacetime in semiclassical gravity},
  author={Ford, LH},
  booktitle={100 Years of Relativity: Space-time Structure: Einstein and Beyond},
  pages={293--310},
  year={2005},
  publisher={World Scientific}
}

@article{jacobson1996introductory,
  title={Introductory lectures on black hole thermodynamics},
  author={Jacobson, Ted},
  journal={Given at Utrecht U. in},
  volume={26},
  year={1996},
  publisher={Citeseer}
}
@book{Ydri2017b,
	Author = {Ydri, Badis},
	Date-Modified = {2018-10-17 16:07:26 -0500},
	Publisher = {IOP Publishing},
	Title = {{Lectures on General Relativity, Cosmology and Quantum Black Holes}},
	Year = {2017}}

@article{Munoz2017,
	Eprintclass = {cond-mat.quant-gas},
	Journal = {arXiv},
	Month = mar,
	Pages = {arXiv:1703.03910},
	Title = {{Alternative models for analog black-hole lasers}},
	Year = {2017}}

@article{Newton2004,
	Journal = {American Journal of Physics},
	Month = mar,
	Number = {3},
	Pages = {348--350},
	Title = {{What is a state in quantum mechanics?}},
	Volume = {72},
	Year = {2004}}

@article{Bermudez2011pla,
	Author = {Bermudez, David and Fern{\'a}ndez C, David J},
	Journal = {Physics Letters A},
	Month = jun,
	Number = {33},
	Pages = {2974--2978},
	Title = {{Non-hermitian Hamiltonians and the Painlev{\'e} IV equation with real parameters}},
	Volume = {375},
	Year = {2011}}

@article{Lai1989b,
	Author = {Lai, Yinchieh and Haus, H A},
	Date-Modified = {2018-10-17 16:09:13 -0500},
	Journal = {Physical Review A},
	Month = jul,
	Number = {2},
	Pages = {854--866},
	Title = {{Quantum theory of solitons in optical fibers. II. Exact solution}},
	Volume = {40},
	Year = {1989}}

@phdthesis{deNova2015,
	Address = {Universidad Complutense Madrid},
	Author = {Mu{\~n}oz de Nova, Juan Ram{\'o}n},
	Month = nov,
	School = {Universidad Complutense Madrid},
	Title = {{From Hawking radiation analogues to quantum Hall effect in graphene}},
	Year = {2015}}

@article{Buchholz2016,
	Author = {Buchholz, Detlev and Verch, Rainer},
	Journal = {General Relativity and Gravitation},
	Month = feb,
	Number = {3},
	Pages = {1--9},
	Title = {{Unruh versus Tolman: on the heat of acceleration}},
	Volume = {48},
	Year = {2016}}

@article{Lambert2013,
	Author = {Lambert, Pierre-Henry},
	Journal = {Proceedings of Science},
	Pages = {001},
	Title = {{Introduction to black hole evaporation}},
	Volume = {Modave2013},
	Year = {2013}}

@incollection{Konig2012,
	Author = {K{\"o}nig, Friedrich and Philbin, Thomas G and Kuklewicz, Chris and Robertson, Scott and Hill, Stephen and Leonhardt, Ulf},
	Booktitle = {Advances in Lasers and Electro Optics},
	Month = jun,
	Pages = {137--164},
	Title = {{Analogue of the Event Horizon in Fibers}},
	Year = {2012}}

@article{Kolesik2010,
	Author = {Kolesik, Miroslav and Tartara, Luca and Moloney, Jerome V},
	Journal = {Physical Review A},
	Month = oct,
	Number = {4},
	Pages = {045802--4},
	Title = {{Effective three-wave-mixing picture and first Born approximation for femtosecond supercontinua from microstructured fibers}},
	Volume = {82},
	Year = {2010}}

@article{Rosato2010,
	Author = {Rosato, J},
	Journal = {American Journal of Physics},
	Month = aug,
	Number = {8},
	Pages = {851--857},
	Title = {{The photon picture of radiation transport}},
	Volume = {78},
	Year = {2010}}

@article{Steinhauer2016,
	Author = {Steinhauer, Jeff},
	Journal = {Nature Physics},
	Month = aug,
	Pages = {1--7},
	Title = {{Observation of quantum Hawking radiation and its entanglement in an analogue black hole}},
	Year = {2016}}

@book{Blau2017,
	Author = {Blau, Matthias},
	Month = dec,
	Publisher = {Bern University},
	Title = {{Lecture notes on general relativity}},
	Year = {2017}}

@article{GarayPalmett2008,
	Author = {Garay-Palmett, Karina and U{\textquoteright}Ren, Alfred B and Rangel-Rojo, Ra{\'u}l and Evans, Rodger and Camacho-L{\'o}pez, Santiago},
	Journal = {Physical Review A},
	Month = oct,
	Number = {4},
	Pages = {043827--13},
	Title = {{Ultrabroadband photon pair preparation by spontaneous four-wave mixing in a dispersion-engineered optical fiber}},
	Volume = {78},
	Year = {2008}}

@article{Xiang2011,
	Author = {Xiang, Yuanjiang and Dai, Xiaoyu and Wen, Shuangchun and Guo, Jun and Fan, Dianyuan},
	Journal = {Physical Review A},
	Month = sep,
	Number = {3},
	Pages = {033815},
	Title = {{Controllable Raman soliton self-frequency shift in nonlinear metamaterials}},
	Volume = {84},
	Year = {2011}}

@phdthesis{Vergara2017,
	Author = {Vergara, Fernando},
	Month = mar,
	Title = {{{\'A}lgebras de Heisenberg polinomiales, socios SUSY del oscilador arm{\'o}nico y estados coherentes}},
	Year = {2017}}

@article{Leonhardt2006sci,
	Author = {Leonhardt, Ulf},
	Month = jun,
	Number = {5781},
	Pages = {1777--1780},
	Title = {{Optical conformal mapping}},
	Volume = {312},
	Year = {2006}}

@book{Marletto2017,
	Author = {Marletto, C and Vedral, V},
	Publisher = {Nature},
	Title = {{Witness gravity's quantum side in the lab}},
	Volume = {547},
	Year = {2017}}

@book{Zhao2012,
	Author = {Zhao, Chun-Liu},
	Month = mar,
	Publisher = {InTech},
	Title = {{Photonic crystals - Introduction, applications and theory}},
	Year = {2012}}

@article{Smerlak2013,
	Author = {Smerlak, Matteo and Singh, Suprit},
	Journal = {Physical Review D},
	Month = nov,
	Number = {10},
	Pages = {104023--13},
	Title = {{New perspectives on Hawking radiation}},
	Volume = {88},
	Year = {2013}}

@article{Butera2017,
	Author = {Butera, Salvatore and {\"O}hberg, Patrik and Carusotto, Iacopo},
	Eprint = {1702.07533v1},
	Eprintclass = {cond-mat.quant-gas},
	Eprinttype = {arxiv},
	Journal = {arXiv},
	Month = feb,
	Title = {{Black-hole lasing in coherently coupled two-component atomic condensates}},
	Year = {2017}}

@article{Coutant2017,
	Author = {Coutant, Antonin and Weinfurtner, Silke},
	Journal = {arXiv.org},
	Title = {{Low frequency analogue Hawking radiation: the Korteweg-deVries model}},
	Volume = {gr-qc},
	Year = {2017}}

@article{Brout1995,
	Author = {Brout, R and Massar, S and Parentani, R and Spindel, Ph},
	Journal = {Physical Review D},
	Number = {8},
	Pages = {4559--4568},
	Title = {{Hawking radiation without trans-Planckian frequencies}},
	Volume = {52},
	Year = {1995}}

@article{DiMauro2016,
	Author = {Di Mauro Villari, Leone and Wright, Ewan M and Biancalana, Fabio and Conti, Claudio},
	Eprint = {1608.04905},
	Eprintclass = {1608},
	Eprinttype = {arxiv},
	Journal = {arXiv},
	Month = aug,
	Pages = {arXiv:1608.04905},
	Title = {{Quantum Soliton Evaporation}},
	Year = {2016}}

@article{Krupa2017,
	Author = {Krupa, Katarzyna and Nithyanandan, K and Andral, Ugo and Tchofo-Dinda, Patrice and Grelu, Philippe},
	Journal = {Physical Review Letters},
	Month = jun,
	Number = {24},
	Pages = {243901--5},
	Title = {{Real-time observation of internal motion within ultrafast dissipative optical soliton molecules}},
	Volume = {118},
	Year = {2017}}

@article{DiMauroVillari2018,
	Author = {Di Mauro Villari, Leone and Marcucci, Giulia and Braidotti, Maria Chiara and Conti, Claudio},
	Journal = {Journal of Physics Communications},
	Month = sep,
	Number = {5},
	Pages = {0--0},
	Title = {{Sine-Gordon soliton as a model for Hawking radiation of moving black holes and quantum soliton evaporation}},
	Volume = {2},
	Year = {2018}}

@article{Kumar2010,
	Author = {Kumar, Ajit},
	Journal = {Physical Review A},
	Month = jan,
	Number = {1},
	Pages = {013807--6},
	Title = {{Ultrashort pulse propagation in a cubic medium including the Raman effect}},
	Volume = {81},
	Year = {2010}}
@article{weiner1988experimental,
  title={Experimental observation of the fundamental dark soliton in optical fibers},
  author={Weiner, AM and Heritage, JP and Hawkins, RJ and Thurston, RN and Kirschner, EM and Leaird, DE and Tomlinson, WJ},
  journal={Physical {R}eview {L}etters},
  volume={61},
  number={21},
  pages={2445},
  year={1988},
  publisher={APS}
}

@article{Lin2007,
	Author = {Lin, Qiang and Yaman, F and Agrawal, Govind P},
	Journal = {Physical Review A},
	Month = feb,
	Number = {2},
	Pages = {023803--20},
	Title = {{Photon-pair generation in optical fibers through four-wave mixing: Role of Raman scattering and pump polarization}},
	Volume = {75},
	Year = {2007}}

@article{Salam1976,
	Author = {Salam, Abdus and Strathdee, J A},
	Journal = {Physics Letters B},
	Number = {4},
	Pages = {375--376},
	Title = {{Black holes as solitons}},
	Volume = {61},
	Year = {1976}}

@article{Unruh1995,
	Author = {Unruh, William G},
	Journal = {Physical Review D},
	Month = mar,
	Number = {6},
	Pages = {2827--2838},
	Title = {{Sonic analogue of black holes and the effects of high frequencies on black hole evaporation}},
	Volume = {51},
	Year = {1995}}

@inproceedings{Carusotto2017,
	Author = {Carusotto, Iacopo},
	Booktitle = {14th Marcel Grossmann Meeting},
	Month = oct,
	Pages = {1--6},
	Title = {{Analog black holes in quantum fluids of light}},
	Year = {2017}}

@incollection{Boyd2002,
	Author = {Boyd, Robert W and Gauthier, Daniel J},
	Booktitle = {Progress in optics},
	Pages = {497--530},
	Publisher = {Elsevier Masson SAS},
	Title = {{"Slow'' and "fast" light}},
	Year = {2002}}

@article{Finazzi2013pra,
	Author = {Finazzi, Stefano and Carusotto, Iacopo},
	Journal = {Physical Review A},
	Month = feb,
	Number = {2},
	Pages = {023803},
	Title = {{Quantum vacuum emission in a nonlinear optical medium illuminated by a strong laser pulse}},
	Volume = {87},
	Year = {2013}}

@article{Steinhauer2015,
	Author = {Steinhauer, Jeff},
	Journal = {arXiv},
	Month = oct,
	Pages = {1--14},
	Title = {{Observation of thermal Hawking radiation and its entanglement in an analogue black hole}},
	Year = {2015}}

@inproceedings{Moreno2007,
	Author = {Moreno, Ivan and Tsai, Chang-Yu and Bermudez, David and Sun, Ching-Cherng},
	Booktitle = {Proceedings of SPIE},
	Editor = {Winston, Roland and Koshel, R John},
	Pages = {66700H},
	Publisher = {SPIE},
	Title = {{Simple function for intensity distribution from LEDs}},
	Year = {2007}}

@article{Thebault2016,
	Author = {Thebault, Karim},
	Eprint = {1610.05028v1},
	Eprintclass = {gr-qc},
	Eprinttype = {arxiv},
	Journal = {arXiv},
	Month = oct,
	Title = {{What can we learn from analogue experiments?}},
	Year = {2016}}

@article{Hamilton2008,
	Author = {Hamilton, Andrew J S and Lisle, Jason P},
	Journal = {American Journal of Physics},
	Month = jun,
	Number = {6},
	Pages = {519--532},
	Title = {{The river model of black holes}},
	Volume = {76},
	Year = {2008}}

@article{Gorbach2007,
	Author = {Gorbach, Andrey V and Skryabin, Dmitry V},
	Journal = {Nature Photonics},
	Month = nov,
	Number = {11},
	Pages = {653--657},
	Title = {{Light trapping in gravity-like potentials and expansion of supercontinuum spectra in photonic-crystal fibres}},
	Volume = {1},
	Year = {2007}}

@article{Hayward2017,
	Author = {Hayward, Rosie and Biancalana, Fabio},
	Journal = {arXiv.org},
	Number = {27},
	Pages = {275202},
	Title = {{Constructing new nonlinear evolution equations with supersymmetry}},
	Volume = {A51},
	Year = {2018}}

@article{Bilic2015,
	Author = {Bili{\'c}, Neven and Domazet, Silvije and Toli{\'c}, Dijana},
	Journal = {Physics Letters B},
	Month = apr,
	Number = {C},
	Pages = {340--346},
	Title = {{Analog geometry in an expanding fluid from AdS/CFT perspective}},
	Volume = {743},
	Year = {2015}}

@article{Steinhauer2016b,
	Author = {Steinhauer, Jeff},
	Date-Modified = {2018-10-17 16:07:46 -0500},
	Eprint = {1609.09017},
	Eprintclass = {gr-qc},
	Eprinttype = {arxiv},
	Journal = {arXiv},
	Month = sep,
	Title = {{Response to version 2 of the note concerning the observation of quantum Hawking radiation and its entanglement in an analogue black hole}},
	Year = {2016}}

@article{Rubino2012prl,
	Author = {Rubino, Eleonora and McLenaghan, Joanna and Kehr, S C and Belgiorno, F and Townsend, D and Rohr, S and Kuklewicz, Chris and Leonhardt, Ulf and K{\"o}nig, Friedrich and Faccio, Daniele},
	Journal = {Physical Review Letters},
	Month = jun,
	Number = {25},
	Pages = {253901},
	Title = {{Negative-Frequency Resonant Radiation }},
	Volume = {108},
	Year = {2012}}

@article{Page1981,
	Author = {Page, Don N and Geilker, C D},
	Journal = {Physical Review Letters},
	Number = {14},
	Pages = {979--982},
	Title = {{Indirect Evidence for Quantum-Gravity}},
	Volume = {47},
	Year = {1981}}

@article{Jacobson1995,
	Author = {Jacobson, Ted},
	Journal = {Physical Review Letters},
	Month = aug,
	Number = {7},
	Pages = {1260--1263},
	Title = {{Thermodynamics of spacetime: The Einstein equation of state}},
	Volume = {75},
	Year = {1995}}

@article{Leonhardt2015pta,
	Author = {Leonhardt, Ulf},
	Journal = {Philosophical Transactions of the Royal Society A},
	Month = jul,
	Number = {2049},
	Pages = {20140354},
	Title = {{On cosmology in the laboratory}},
	Volume = {373},
	Year = {2015}}

@book{Basdevant2007b,
	Address = {New York},
	Author = {Basdevant, Jean-Louis and Dalibard, Jean},
	Month = sep,
	Publisher = {Springer},
	Title = {{The quantum mechanics solver}},
	Year = {2007}}
@book{bookLandau,
   title =     {The classical theory of fields},
   author =    {Landau L.D., Lifshitz E.M.},
   publisher = {Butterworth~Heinemann},
   year =      {1980},
   series =    {},
   edition =   {4th},
   volume =    {2},
   }
@article{de2019observation,
  title={Observation of thermal Hawking radiation and its temperature in an analogue black hole},
  author={de Nova, Juan Ram{\'o}n Mu{\~n}oz and Golubkov, Katrine and Kolobov, Victor I and Steinhauer, Jeff},
  journal={Nature},
  volume={569},
  number={7758},
  pages={688},
  year={2019},
  publisher={Nature Publishing Group}
}

@incollection{koschmieder1977instabilities,
  title={Instabilities in fluid dynamics},
  author={Koschmieder, EL},
  booktitle={Synergetics},
  pages={70--78},
  year={1977},
  Address = { Berlin, Heidelberg},
  publisher={Springer}
}
@article{Gabor1947,
	Author = {Gabor, D},
	Journal = {Journal of the Institution of Electrical Engineers - Part I: General},
	Number = {73},
	Pages = {58--58},
	Title = {{Theory of communication}},
	Volume = {94},
	Year = {1947}}

@article{Nation2012,
	Author = {Nation, P D and Johansson, J R and Blencowe, M P and Nori, Franco},
	Journal = {Reviews of Modern Physics},
	Month = jan,
	Number = {1},
	Pages = {1--24},
	Title = {{Colloquium: Stimulating uncertainty: Amplifying the quantum vacuum with superconducting circuits}},
	Volume = {84},
	Year = {2012}}

@article{Jacobson2005c,
	Author = {Jacobson, Ted},
	Date-Modified = {2018-10-17 16:09:47 -0500},
	Journal = {arXiv},
	Month = feb,
	Pages = {1--40},
	Title = {{Introductory lectures on black hole thermodynamics}},
	Year = {2005}}

@article{Unruh1981,
	Author = {Unruh, William G},
	Journal = {Physical Review Letters},
	Number = {21},
	Pages = {1351--1353},
	Title = {{Experimental black-hole evaporation?}},
	Volume = {46},
	Year = {1981}}

@article{Buchholz2015,
	Author = {Buchholz, Detlev and Verch, Rainer},
	Journal = {Classical and Quantum Gravity},
	Number = {24},
	Pages = {1--18},
	Title = {{Macroscopic aspects of the Unruh effect}},
	Volume = {32},
	Year = {2015}}

@inproceedings{Barcelo2017,
	Author = {Barcel{\'o}, Carlos and Liberati, Stefano},
	Booktitle = {14th Marcel Grossmann Meeting},
	Month = oct,
	Pages = {1--15},
	Title = {{Regular and analogue black holes: Parallel session report}},
	Year = {2017}}

@article{Coutant2016,
	Author = {Coutant, Antonin and Weinfurtner, Silke},
	Journal = {Physical Review D},
	Month = sep,
	Number = {6},
	Pages = {064026--23},
	Title = {{The imprint of the analogue Hawking effect in subcritical flows}},
	Volume = {94},
	Year = {2016}}

@article{Leff2002,
	Author = {Leff, Harvey S},
	Journal = {American Journal of Physics},
	Month = aug,
	Number = {8},
	Pages = {792--797},
	Title = {{Teaching the photon gas in introductory physics}},
	Volume = {70},
	Year = {2002}}

@article{GarayPalmett2013,
	Author = {Garay-Palmett, Karina and Corona, Maria and U{\textquoteright}Ren, Alfred B},
	Journal = {Revista Mexicana de F{\'\i}sica S},
	Month = jul,
	Number = {3},
	Pages = {6--14},
	Title = {{Spontaneous parametric processes in optical fibers: a comparison}},
	Volume = {57},
	Year = {2013}}

@article{Ambrosetti2008,
	Author = {Ambrosetti, Nicola and Charbonneau, James and Weinfurtner, Silke},
	Journal = {arXiv},
	Month = oct,
	Pages = {1--21},
	Title = {{The fluid/gravity correspondence}},
	Year = {2008}}

@article{Lee2008,
	Author = {Lee, Jennifer H and van Howe, James and Xu, Chris and Liu, Xiang},
	Journal = {IEEE Journal of Selected Topics in Quantum Electronics},
	Month = may,
	Number = {3},
	Pages = {713--723},
	Title = {{Soliton self-frequency shift: Experimental demonstrations and applications}},
	Volume = {14},
	Year = {2008}}

@article{Wong2005,
	Author = {Wong, G K L and Chen, A Y H and Ha, S W and Kruhlak, R J and Murdoch, S G and Leonhardt, R and Harvey, J D and Joly, N Y},
	Journal = {Optics Express},
	Month = oct,
	Number = {21},
	Pages = {8662--8670},
	Title = {{Characterization of chromatic dispersion in photonic crystal fibers using scalar modulation instability}},
	Volume = {13},
	Year = {2005}}

@article{Unruh2011,
	Author = {Unruh, William G},
	Eprintclass = {gr-qc},
	Journal = {arXiv},
	Month = jul,
	Pages = {1107.2669},
	Title = {{Quantum noise in amplifiers and Hawking/dumb-hole radiation as amplifier noise }},
	Year = {2011}}

@article{Schutzhold2010,
	Author = {Sch{\"u}tzhold, Ralf},
	Eprint = {1004.2397},
	Eprintclass = {quant-ph},
	Eprinttype = {arxiv},
	Journal = {arXiv},
	Month = apr,
	Title = {{Fundamental Quantum Effects from a Quantum-Optics Perspective}},
	Year = {2010}}

@article{Macher2009pra,
	Author = {Macher, Jean and Parentani, Renaud},
	Date-Modified = {2018-10-17 16:08:26 -0500},
	Journal = {Physical Review A},
	Month = oct,
	Number = {4},
	Pages = {12--26},
	Title = {{Black-hole radiation in Bose-Einstein condensates}},
	Volume = {80},
	Year = {2009}}

@article{Schutzhold2005,
	Author = {Sch{\"u}tzhold, Ralf and Unruh, William G},
	Journal = {Physical Review Letters},
	Month = jul,
	Number = {3},
	Pages = {031301},
	Title = {{Hawking radiation in an electromagnetic waveguide?}},
	Volume = {95},
	Year = {2005}}

@article{Liao2018,
	Author = {Liao, L and van der Wurff, E C I and van Oosten, D and Stoof, H T C},
	Eprint = {1806.00023},
	Eprintclass = {cond-mat.quant-gas},
	Eprinttype = {arxiv},
	Journal = {arXiv},
	Month = may,
	Title = {{Analogue Schwarzschild Black Hole in Condensates of Light}},
	Year = {2018}}

@article{Gorin2017,
	Author = {Gorin, Thomas},
	Month = nov,
	Pages = {1--4},
	Title = {{Minimum value of the overlap function over SO(3)}},
	Year = {2017}}

@book{tHooft2016,
	Address = {Cham},
	Author = {'t Hooft, Gerard},
	Publisher = {Springer},
	Series = {Fundamental Theories of Physics 185},
	Title = {{The cellular automaton interpretation of quantum mechanics}},
	Volume = {185},
	Year = {2016}}

@book{Aguirre2015,
	Author = {Aguirre, Anthony and Foster, Brendan and Merali, Zeeya},
	Month = jan,
	Series = {Which of Our Fundamental Assumptions Are Wrong?},
	Title = {{Questioning the foundations of Physics}},
	Year = {2015}}

@article{Mayoral2011,
	Author = {Mayoral, Carlos and Parentani, Renaud and Balbinot, Roberto and Carusotto, Iacopo},
	Month = feb,
	Number = {2},
	Pages = {025007},
	Title = {{Acoustic white holes in flowing atomic Bose{\textendash}Einstein condensates}},
	Volume = {13},
	Year = {2011}}

@article{Plebanski1960,
	Author = {Plebanski, Jerzy},
	Journal = {Physical Review},
	Month = jun,
	Number = {5},
	Pages = {1396--1408},
	Title = {{Electromagnetic Waves in Gravitational Fields}},
	Volume = {118},
	Year = {1960}}

@article{Leonhardt2003,
	Author = {Leonhardt, Ulf and Kiss, T and {\"O}hberg, Patrik},
	Journal = {Physical Review A},
	Month = mar,
	Number = {3},
	Pages = {033602--11},
	Title = {{Theory of elementary excitations in unstable Bose-Einstein condensates and the instability of sonic horizons}},
	Volume = {67},
	Year = {2003}}

@article{Coutant2017b,
	Author = {Coutant, Antonin and Weinfurtner, Silke},
	Date-Modified = {2018-10-17 16:09:58 -0500},
	Eprint = {1707.09664v1},
	Eprintclass = {gr-qc},
	Eprinttype = {arxiv},
	Journal = {arXiv},
	Month = jul,
	Title = {{Low frequency analogue Hawking radiation: the Bogoliubov-de Gennes model}},
	Year = {2017}}

@article{Miller2010,
	Author = {Miller, David A B},
	Journal = {Nature Photonics},
	Month = jan,
	Number = {1},
	Pages = {3--5},
	Title = {{Are optical transistors the logical next step?}},
	Volume = {4},
	Year = {2010}}

@article{Takehiro1992,
	Author = {Takehiro, Shin-Ichi and Hayashi, Yoshi-Yuki},
	Journal = {Journal of Fluid Mechanics},
	Number = {-1},
	Pages = {259},
	Title = {{Over-reflection and shear instability in a shallow-water model}},
	Volume = {236},
	Year = {1992}}

@article{Saleh2016,
	Author = {Saleh, Mohammed F and Conti, Claudio and Biancalana, Fabio},
	Eprint = {1610.01813},
	Eprintclass = {1610},
	Eprinttype = {arxiv},
	Journal = {arXiv},
	Month = oct,
	Pages = {arXiv:1610.01813},
	Title = {{Anderson localisation and optical-event horizons in rogue-soliton generation}},
	Year = {2016}}

@article{Alibart2006,
	Author = {Alibart, O and Fulconis, J and Wong, G K L and Murdoch, S G and Wadsworth, W J and Rarity, J G},
	Journal = {New Journal of Physics},
	Month = may,
	Number = {5},
	Pages = {67},
	Title = {{Photon pair generation using four-wave mixing in a microstructured fibre: theory versus experiment}},
	Volume = {8},
	Year = {2006}}

@phdthesis{Poletti2007,
	Address = {University of Southampton},
	Author = {Poletti, Francesco},
	Month = may,
	School = {University of Southampton},
	Title = {{Direct and inverse design of microstructured optical fibres}},
	Year = {2007}}

@article{Macher2009,
	Author = {Macher, Jean and Parentani, Renaud},
	Journal = {Physical Review D},
	Month = jun,
	Number = {12},
	Pages = {124008},
	Title = {{Black/white hole radiation from dispersive theories}},
	Volume = {79},
	Year = {2009}}

@book{Wolf,
	Author = {Wolf, E},
	Publisher = {Elsevier},
	Title = {{Progress in optics}}}

@article{Hossenfelder2015,
	Author = {Hossenfelder, Sabine},
	Journal = {Physical Review D},
	Month = jun,
	Number = {12},
	Pages = {124064--14},
	Title = {{Analog systems for gravity duals}},
	Volume = {91},
	Year = {2015}}

@article{Recati2009,
	Author = {Recati, A and Pavloff, N and Carusotto, Iacopo},
	Journal = {Physical Review A},
	Month = oct,
	Number = {4},
	Pages = {043603},
	Title = {{Bogoliubov theory of acoustic Hawking radiation in Bose-Einstein condensates}},
	Volume = {80},
	Year = {2009}}

@article{Barcelo2011,
	Author = {Barcel{\'o}, Carlos and Liberati, Stefano and Visser, Matt},
	Journal = {Living Rev. Relativ.},
	Pages = {3},
	Title = {{Analogue gravity}},
	Volume = {14},
	Year = {2011}}

@article{Modugno2014,
	Author = {Modugno, Giovanni},
	Journal = {Nature Physics},
	Month = oct,
	Number = {11},
	Pages = {793--794},
	Title = {{Ultracold atoms: A black-hole laser}},
	Volume = {10},
	Year = {2014}}

@article{Giddings2016,
	Author = {Giddings, Steven B},
	Journal = {Physics Letters B},
	Month = mar,
	Number = {C},
	Pages = {39--42},
	Title = {{Hawking radiation, the Stefan{\textendash}Boltzmann law, and unitarization}},
	Volume = {754},
	Year = {2016}}

@article{Razzak2011,
	Author = {Razzak, S M Abdur and Namihira, Yoshinori},
	Journal = {Optik - International Journal for Light and Electron Optics},
	Month = jun,
	Number = {12},
	Pages = {1084--1087},
	Title = {{Numerical design of high nonlinear coefficient of microstructure optical fibers}},
	Volume = {122},
	Year = {2011}}

@article{Jacquet2015,
	Author = {Jacquet, Maxime and K{\"o}nig, Friedrich},
	Journal = {Physical Review A},
	Month = aug,
	Number = {2},
	Pages = {023851},
	Title = {{Quantum vacuum emission from a refractive-index front}},
	Volume = {92},
	Year = {2015}}

@article{Volovik2016,
	Author = {Volovik, Grigori E},
	Journal = {JETP Letters},
	Month = nov,
	Pages = {1--4},
	Title = {{Black hole and Hawking radiation by type-II Weyl fermions}},
	Year = {2016}}

@article{Belgiorno2016,
	Author = {Belgiorno, F and Cacciatori, S L},
	Journal = {General Relativity and Gravitation},
	Month = oct,
	Number = {11},
	Pages = {1--22},
	Title = {{Stimulated emission in black holes and in analogue gravity}},
	Volume = {48},
	Year = {2016}}

@book{Promexico2017,
	Author = {{Promexico}},
	Month = feb,
	Publisher = {ProMexico},
	Series = {Mapa de ruta de {\'o}ptica y fot{\'o}nica},
	Title = {{Hacia un m{\'e}xico m{\'a}s brillante}},
	Year = {2017}}

@article{Griniasty2017,
	Author = {Griniasty, Itay and Leonhardt, Ulf},
	Eprint = {1703.02211v1},
	Eprintclass = {quant-ph},
	Eprinttype = {arxiv},
	Journal = {arXiv},
	Month = mar,
	Title = {{Casimir stress inside planar materials}},
	Year = {2017}}

@article{Hod2016,
	Author = {Hod, Shahar},
	Journal = {Physics Letters B},
	Month = jun,
	Number = {C},
	Pages = {121--124},
	Title = {{Hawking radiation and the Stefan{\textendash}Boltzmann law: The effective radius of the black-hole quantum atmosphere}},
	Volume = {757},
	Year = {2016}}

@article{Hossenfelder2016,
	Author = {Hossenfelder, Sabine},
	Journal = {Physics Letters B},
	Month = jan,
	Number = {C},
	Pages = {13--17},
	Title = {{A relativistic acoustic metric for planar black holes}},
	Volume = {752},
	Year = {2016}}

@phdthesis{Robertson2011,
	Address = {St. Andrews},
	Author = {Robertson, Scott},
	School = {St. Andrews},
	Title = {{Hawking radiation in dispersive media }},
	Year = {2011}}

@book{Agrawal2008,
	Author = {Agrawal, Govind P},
	Month = nov,
	Publisher = {Academic Press},
	Title = {{Applications of nonlinear fiber optics}},
	Year = {2008}}

@article{Firstenberg2013,
	Author = {Firstenberg, Ofer and Peyronel, Thibault and Liang, Qi-Yu and Gorshkov, Alexey V and Lukin, Mikhail D and Vuleti{\'c}, Vladan},
	Journal = {Nature},
	Month = sep,
	Number = {7469},
	Pages = {71--75},
	Title = {{Attractive photons in a quantum nonlinear medium}},
	Volume = {502},
	Year = {2013}}

@article{Nodop2009,
	Author = {Nodop, D and Jauregui, C and Schimpf, D and Limpert, J and T{\"u}nnermann, A},
	Journal = {Optics Letters},
	Month = nov,
	Number = {22},
	Pages = {3499--},
	Title = {{Efficient high-power generation of visible and mid-infrared light by degenerate four-wave-mixing in a large-mode-area photonic-crystal fiber}},
	Volume = {34},
	Year = {2009}}

@article{Belgiorno2010prl,
	Author = {Belgiorno, F and Cacciatori, S L and Clerici, Matteo and Gorini, V and Ortenzi, G and Rizzi, L and Rubino, Eleonora and Sala, V G and Faccio, Daniele},
	Journal = {Physical Review Letters},
	Month = nov,
	Number = {20},
	Pages = {203901},
	Title = {{Hawking radiation from ultrashort laser pulse filaments}},
	Volume = {105},
	Year = {2010}}

@article{Moreno2010,
	Author = {Moreno, Ivan and Bermudez, David and Avendano-Alejo, Maximino},
	Month = jan,
	Number = {1},
	Pages = {12--20},
	Title = {{Light-emitting diode spherical packages: an equation for the light transmission efficiency}},
	Volume = {49},
	Year = {2010}}

@incollection{Weinfurtner2013,
	Address = {Cham},
	Author = {Weinfurtner, Silke and Tedford, Edmund W and Penrice, Matthew C J and Unruh, William G and Lawrence, Gregory A},
	Booktitle = {New approaches to nonlinear waves},
	Pages = {167--180},
	Publisher = {Springer International Publishing},
	Title = {{Classical Aspects of Hawking Radiation Verified in Analogue Gravity Experiment}},
	Year = {2013}}

@article{Loures2015,
	Author = {Loures, Cristian Redondo and Armaroli, Andrea and Biancalana, Fabio},
	Journal = {Optics Letters},
	Number = {4},
	Pages = {613--4},
	Title = {{Contribution of third-harmonic and negative-frequency polarization fields to self-phase modulation in nonlinear media}},
	Volume = {40},
	Year = {2015}}

@article{Plansinis2016b,
	Author = {Plansinis, Brent W and Donaldson, William R and Agrawal, Govind P},
	Date-Modified = {2018-10-17 16:07:56 -0500},
	Journal = {IEEE Journal of Quantum Electronics},
	Month = nov,
	Number = {12},
	Pages = {1--8},
	Title = {{Spectral Splitting of Optical Pulses Inside a Dispersive Medium at a Temporal Boundary}},
	Volume = {52},
	Year = {2016}}

@phdthesis{Rubino2013,
	Author = {Rubino, Eleonora},
	Month = apr,
	School = {Universit{\`a} degli Studi dell'Insubria},
	Title = {{Hawking radiation and mode conversion at optically induced horizons}},
	Year = {2013}}

@book{Pitaevskii2016,
	Address = {Oxford},
	Author = {Pitaevskii, Lev and Stringari, Sandro},
	Publisher = {Oxford University Press},
	Title = {{Bose-Einstein condensation and superfluidity}},
	Year = {2016}}

@article{Brout1995pr,
	Author = {Brout, R and Massar, S and Parentani, Renaud and Spindel, Ph},
	Journal = {Physics Reports},
	Pages = {329--446},
	Title = {{A primer for black hole quantum physics}},
	Volume = {260},
	Year = {1995}}

@booklet{Birrell1982,
	Address = {Cambridge},
	Author = {Birrell, N D and { P. C. W. Davies}},
	Howpublished = {Cambridge University Press},
	Title = {{Quantum Fields in Curved Space}},
	Year = {1982}}

@article{Steinhauer2014,
	Author = {Steinhauer, Jeff},
	Journal = {Nature Physics},
	Number = {11},
	Pages = {864--869},
	Title = {{Observation of self-amplifying Hawking radiation in an analogue black-hole laser}},
	Volume = {10},
	Year = {2014}}

@article{Bermudez2014ap,
	Author = {Bermudez, David and Contreras-Astorga, Alonso and Fern{\'a}ndez C, David J},
	Journal = {Annals of Physics},
	Pages = {615--634},
	Title = {{Painlev{\'e} IV coherent states}},
	Volume = {350},
	Year = {2014}}

@article{Bermudez2014jp2,
	Author = {Bermudez, David and Fern{\'a}ndez C, David J},
	Journal = {Journal of Physics: Conference Series},
	Month = may,
	Pages = {012017},
	Title = {{Hamiltonians with two-ladder spectra and solutions to the Painlev{\'e} IV equation}},
	Volume = {512},
	Year = {2014}}

@article{Amiranashvili2014oqe,
	Author = {Amiranashvili, Shalva and Bandelow, Uwe and Akhmediev, Nail},
	Number = {10},
	Pages = {1233--1238},
	Title = {{Ultrashort optical solitons in transparent nonlinear media with arbitrary dispersion}},
	Volume = {46},
	Year = {2014}}

@article{Turbiner2017,
	Author = {Turbiner, Alexander V and Miller Jr, Willard and Escobar-Ruiz, Adrian M},
	Journal = {Journal of Physics A: Mathematical and Theoretical},
	Month = may,
	Number = {21},
	Pages = {215201},
	Title = {{Three-body problem in 3D space: ground state, (quasi)-exact-solvability}},
	Volume = {50},
	Year = {2017}}

@techreport{Raymer2006,
	Author = {Raymer, M G and Smith, Brian J},
	Month = apr,
	Title = {{The Maxwell wave function of the photon}},
	Year = {2006}}

@article{Drori2018,
	Author = {Drori, Jonathan and Rosenberg, Yuval and Bermudez, David and Silberberg, Yaron and Leonhardt, Ulf},
	Eprintclass = {gr-qc},
	Journal = {arXiv},
	Month = aug,
	Pages = {arXiv:1808.09244},
	Title = {{Observation of Stimulated Hawking Radiation in Optics}},
	Year = {2018}}

@article{Amiranashvili2011pra,
	Author = {Amiranashvili, Shalva and Bandelow, Uwe and Akhmediev, Nail},
	Journal = {Physical Review A},
	Month = oct,
	Number = {4},
	Pages = {043834},
	Title = {{Dispersion of nonlinear group velocity determines shortest envelope solitons}},
	Volume = {84},
	Year = {2011}}

@book{Spiegel2009,
	Author = {Spiegel, Murray R},
	Month = may,
	Publisher = {Schaum},
	Title = {{Complex Variables}},
	Year = {2018}}

@article{Li2008,
	Author = {Li, Yanfeng and Yao, Yuhong and Hu, Minglie and Chai, Lu and Wang, Chingyue},
	Month = jan,
	Number = {3},
	Pages = {399--406},
	Title = {{Improved fully vectorial effective index method for photonic crystal fibers: evaluation and enhancement}},
	Volume = {47},
	Year = {2008}}

@article{Coutant2010,
	Author = {Coutant, Antonin and Parentani, Renaud},
	Journal = {Physical Review D},
	Month = apr,
	Number = {8},
	Title = {{Black hole lasers, a mode analysis}},
	Volume = {81},
	Year = {2010}}

@article{Zheng2010,
	Author = {Zheng, Huaixiu and Gauthier, Daniel J and Baranger, Harold U},
	Journal = {Physical Review A},
	Month = dec,
	Number = {6},
	Pages = {063816--10},
	Title = {{Waveguide QED: Many-body bound-state effects in coherent and Fock-state scattering from a two-level system}},
	Volume = {82},
	Year = {2010}}



@book{Faccio2013,
	Author = {Faccio, Daniele and Belgiorno, F and Cacciatori, S L and Gorini, Vittorio and Liberati, Stefano and Moschella, Ugo},
	Month = aug,
	Publisher = {Springer},
	Title = {{Analogue Gravity Phenomenology}},
	Year = {2013}}

@phdthesis{Pickartz2018,
	Author = {Pickartz, Sabrina},
	Month = jan,
	School = {WIAS Berlin},
	Title = {{All-optical control of fiber solitons}},
	Year = {2018}}

@article{Holland2015,
	Author = {Holland, E T and Vlastakis, B and Heeres, R W and Reagor, M J and Vool, U and Leghtas, Z and Frunzio, L and Kirchmair, G and Devoret, M H and Mirrahimi, M and Schoelkopf, R J},
	Journal = {Physical Review Letters},
	Month = oct,
	Number = {18},
	Pages = {180501},
	Title = {{Single-Photon-Resolved Cross-Kerr Interaction for Autonomous Stabilization of Photon-Number States}},
	Volume = {115},
	Year = {2015}}

@article{Alonso2016,
	Author = {Alonso, Lazaro and Gorin, Thomas},
	Journal = {Journal of Physics A: Mathematical and Theoretical},
	Number = {14},
	Pages = {1--20},
	Title = {{Joint probability distributions for projection probabilities of random orthonormal states}},
	Volume = {49},
	Year = {2016}}

@article{Bree2012,
	Author = {Br{\'e}e, Carsten and Amiranashvili, Shalva and Bandelow, Uwe},
	Month = nov,
	Number = {7},
	Pages = {727--733},
	Title = {{Spatio-temporal pulse propagation in nonlinear dispersive optical media}},
	Volume = {45},
	Year = {2012}}

@article{Howl2016,
	Author = {Howl, Richard and Hackermuller, Lucia and Bruschi, David Edward and Fuentes, Ivette},
	Eprint = {1607.06666},
	Eprintclass = {quant-ph},
	Eprinttype = {arxiv},
	Journal = {arXiv},
	Title = {{Gravity in the quantum lab}},
	Year = {2016}}

@phdthesis{Ong2016,
	Address = {Berlin},
	Author = {Ong, Yen Chin},
	School = {Springer},
	Title = {{Evolution of black holes in anti-De Sitter spacetime and the firewall controversy}},
	Year = {2014}}

@article{Vinish2016,
	Author = {Vinish, Y and Fleurov, V},
	Journal = {International Journal of Modern Physics B},
	Pages = {1650197},
	Title = {{Finite width of the optical event horizon and enhancement of analog Hawking radiation}},
	Year = {2016}}

@article{Bialynicki2009,
	Author = {Bialynicki-Birula, Iwo and Bialynicka-Birula, Zofia},
	Journal = {Physical Review A},
	Month = mar,
	Number = {3},
	Pages = {032112--8},
	Title = {{Why photons cannot be sharply localized}},
	Volume = {79},
	Year = {2009}}

@article{Conforti2013pra,
	Author = {Conforti, Matteo and Westerberg, Niclas and Baronio, Fabio and Trillo, Stefano and Faccio, Daniele},
	Journal = {Physical Review A},
	Month = may,
	Pages = {013829},
	Title = {{Negative-frequency dispersive wave generation in quadratic media}},
	Volume = {88},
	Year = {2013}}

@article{Minkovich2016,
	Author = {Minkovich, Vladimir P and Vaca Pereira G, Marcelo and Villatoro, Joel and Myslivets, Evgeny and Sotsky, Alexander B and Dzen, Ivan S and Asuncion Illarramendi, Maria and Zubia, Joseba},
	Journal = {Journal of Lightwave Technology},
	Month = sep,
	Number = {18},
	Pages = {4387--4393},
	Title = {{Supercontinuum Generation in Special Microstructured Fibers With Irregular and Regular Claddings Using Pumping Wavelengths in a Broad Range}},
	Volume = {34},
	Year = {2016}}

@book{Hairer2008,
	Author = {Hairer, E and Norsett, S P and Wanner, G},
	Month = mar,
	Publisher = {Springer},
	Series = {Nonstiff problems},
	Title = {{Solving~ordinary~differential~equations~I}},
	Year = {2008}}

@book{Volovik2003,
	Address = {Oxford},
	Author = {Volovik, Grigori E},
	Publisher = {Clarendon Press},
	Title = {{The Universe in a helium droplet}},
	Year = {2003}}

@article{Frauchiger2018,
	Author = {Frauchiger, Daniela and Renner, Renato},
	Journal = {Nature Communications},
	Month = sep,
	Number = {1},
	Pages = {3711},
	Title = {{Quantum theory cannot consistently describe the use of itself}},
	Volume = {9},
	Year = {2018}}

@article{FrailePelaez2003,
	Author = {Fraile-Pel{\'a}ez, F Javier},
	Journal = {Microwave and Optical Technology Letters},
	Month = jun,
	Number = {5},
	Pages = {347--352},
	Title = {{Analytical signal formalism in the description of optical pulse photodetection}},
	Volume = {37},
	Year = {2003}}

@book{Zee2010,
	Author = {Zee, A},
	Month = sep,
	Publisher = {Princeton University Press},
	Title = {{Quantum Field Theory in a Nutshell}},
	Year = {2010}}

@article{Efimov2005,
	Journal = {Physical Review Letters},
	Month = nov,
	Number = {21},
	Pages = {1215--4},
	Title = {{Interaction of an Optical Soliton with a Dispersive Wave}},
	Volume = {95},
	Year = {2005}}

@article{Pickartz2016,
	Author = {Pickartz, Sabrina and Bandelow, Uwe and Amiranashvili, Shalva},
	Month = oct,
	Number = {11},
	Pages = {1--7},
	Title = {{Efficient all-optical control of solitons}},
	Volume = {48},
	Year = {2016}}

@book{Boyd2008,
	Address = {New York},
	Author = {Boyd, Robert W},
	Edition = {3rd},
	Publisher = {Academic Press},
	Title = {{Nonlinear optics}},
	Year = {2008}}

@article{McLenaghan2014,
	Author = {McLenaghan, Joanna and K{\"o}nig, Friedrich},
	Journal = {New Journal of Physics},
	Month = jun,
	Number = {6},
	Pages = {063017},
	Title = {{Few-cycle fiber pulse compression and evolution of negative resonant radiation}},
	Volume = {16},
	Year = {2014}}

@article{Skryabin2005,
	Author = {Skryabin, D V and Yulin, A V},
	Journal = {Physical Review E},
	Month = jul,
	Number = {1},
	Pages = {2864--10},
	Title = {{Theory of generation of new frequencies by mixing of solitons and dispersive waves in optical fibers}},
	Volume = {72},
	Year = {2005}}

@article{Leonhardt1999pra,
	Author = {Leonhardt, Ulf and Piwnicki, P},
	Journal = {Physical Review A},
	Month = dec,
	Number = {6},
	Pages = {4301--4312},
	Title = {{\textbf{Optics of nonuniformly moving media } }},
	Volume = {60},
	Year = {1999}}

@article{Rubino2012sr,
	Author = {Rubino, Eleonora and Lotti, A and Belgiorno, F and Cacciatori, S L and Couairon, A and Faccio, Daniele},
	Journal = {Scientific Reports},
	Month = dec,
	Pages = {932},
	Title = {{Soliton-induced relativistic-scattering and amplification}},
	Volume = {2},
	Year = {2012}}

@article{Pitaevskii1998,
	Author = {Pitaevskii, Lev and Stringari, Sandro},
	Journal = {Physical Review Letters},
	Month = nov,
	Number = {21},
	Pages = {4541--4544},
	Title = {{Elementary excitations in trapped Bose-Einstein condensed gases beyond the mean-field approximation}},
	Volume = {81},
	Year = {1998}}

@article{Tartara2015,
	Author = {Tartara, Luca},
	Journal = {Journal of the Optical Society of America B},
	Number = {3},
	Pages = {395--399},
	Title = {{Soliton control by a weak dispersive pulse}},
	Volume = {32},
	Year = {2015}}

@article{Faccio2015,
	Author = {Faccio, Daniele},
	Journal = {Nature Physics},
	Month = aug,
	Number = {10},
	Pages = {806--807},
	Title = {{Nonlinear optics: A matter of gravity}},
	Volume = {11},
	Year = {2015}}

@article{Larre2015,
	Author = {Carusotto, Iacopo},
	Journal = {Physical Review A},
	Month = oct,
	Number = {4},
	Pages = {1287},
	Title = {{Propagation of a quantum fluid of light in a cavityless nonlinear optical medium: General theory and response to quantum quenches}},
	Volume = {92},
	Year = {2015}}

@article{Bermudez2018,
	Author = {Bermudez, David and Leonhardt, Ulf},
	Eprintclass = {gr-qc},
	Journal = {arXiv},
	Month = aug,
	Pages = {arXiv:1808.02210},
	Title = {{Resonant Hawking radiation as an instability}},
	Year = {2018}}

@article{Bermudez2011sig,
	Author = {Bermudez, David and Fern{\'a}ndez C, David J},
	Journal = {Symmetry, Integrability and Geometry: Methods and Applications},
	Month = mar,
	Pages = {025},
	Title = {{Supersymmetric quantum mechanics and Painlev{\'e} IV equation}},
	Volume = {7},
	Year = {2011}}

@article{Longui2017,
	Author = {Longui, S},
	Journal = {Optics Letters},
	Month = nov,
	Pages = {1--5},
	Title = {{Equivalence principle and quantum mechanics: quantum simulation with entangled photons}},
	Year = {2017}}

@article{GarayPalmett2016,
	Author = {Garay-Palmett, Karina and Cruz-Delgado, D and Dominguez-Serna, F and Ortiz-Ricardo, E and Monroy-Ruz, J and Cruz-Ramirez, H and Ramirez-Alarcon, R and U{\textquoteright}Ren, Alfred B},
	Journal = {Physical Review A},
	Month = mar,
	Number = {3},
	Pages = {033810--10},
	Title = {{Photon-pair generation by intermodal spontaneous four-wave mixing in birefringent, weakly guiding optical fibers}},
	Volume = {93},
	Year = {2016}}

@article{Finazzi2010njp,
	Author = {Finazzi, Stefano and Parentani, Renaud},
	Journal = {New Journal of Physics},
	Month = sep,
	Number = {9},
	Pages = {095015--35},
	Title = {{Black hole lasers in Bose{\textendash}Einstein condensates}},
	Volume = {12},
	Year = {2010}}

@article{Chen2010,
	Author = {Efimov, Anatoly and Taylor, Antoinette J and Chen, Zhigang},
	Journal = {JOSA B},
	Month = may,
	Number = {5},
	Pages = {1022--1030},
	Title = {{Soliton dynamics in non-uniform fiber tapers: analytical description through an improved moment method}},
	Volume = {27},
	Year = {2010}}
@article{barcelo2011analogue,
  title={Analogue gravity},
  author={Barcelo, Carlos and Liberati, Stefano and Visser, Matt},
  journal={Living Reviews in Relativity},
  volume={14},
  number={1},
  pages={3},
  year={2011},
  publisher={Springer}
}
@inproceedings{Vocke2017,
	Author = {Vocke, D and Roger, T and Faccio, Daniele and Marino, F and Carusotto, Iacopo and Wright, E M and Picozzi, A},
	Booktitle = {14th Marcel Grossmann Meeting},
	Month = oct,
	Pages = {1--6},
	Title = {{Analogue gravity in photon fluids }},
	Year = {2017}}

@article{Barcelo2001cqg,
	Author = {Barcel{\'o}, Carlos and Visser, Matt},
	Date-Modified = {2018-10-23 17:42:14 -0500},
	Journal = {Classical and Quantum Gravity},
	Month = mar,
	Number = {6},
	Pages = {1137--1156},
	Title = {{Analogue gravity from Bose-Einstein condensates}},
	Volume = {18},
	Year = {2001}}

@article{Alonso2018,
	Author = {Alonso, Lazaro and Bermudez, David and Gorin, Thomas},
	Eprint = {1808.00019},
	Eprintclass = {quant-ph},
	Eprinttype = {arxiv},
	Journal = {arXiv},
	Month = jul,
	Pages = {arXiv:1808.00019},
	Title = {{Eigenvalue determination for mixed quantum states using overlap statistics}},
	Year = {2018}}

@article{Bermudez2012pla,
	Author = {Bermudez, David and Fern{\'a}ndez C, David J and Fern{\'a}ndez-Garc{\'\i}a, Nicol{\'a}s},
	Journal = {Physics Letters A},
	Month = dec,
	Number = {5},
	Pages = {692--696},
	Title = {{Wronskian differential formula for confluent supersymmetric quantum mechanics}},
	Volume = {376},
	Year = {2012}}

@article{Robertson2017prd,
	Author = {Robertson, Scott and Michel, Florent and Parentani, Renaud},
	Journal = {Physical Review D},
	Month = mar,
	Number = {6},
	Pages = {065020--22},
	Title = {{Controlling and observing nonseparability of phonons created in time-dependent 1D atomic Bose condensates}},
	Volume = {95},
	Year = {2017}}

@booklet{Wigner1995,
	Address = {Berlin, Heidelberg},
	Author = {Wigner, Eugene P},
	Howpublished = {Springer Berlin Heidelberg},
	Title = {{The Unreasonable Effectiveness of Mathematics in the Natural Sciences}},
	Year = {1995}}

@article{Alfano2016,
	Author = {Alfano, Robert R and Nolan, Daniel A},
	Journal = {Optics Communications},
	Month = feb,
	Number = {C},
	Pages = {25--27},
	Title = {{Slowing of Bessel light beam group velocity}},
	Volume = {361},
	Year = {2016}}

@article{Lvovsky2009,
	Author = {Lvovsky, A I and Raymer, M G},
	Journal = {Reviews of Modern Physics},
	Month = mar,
	Number = {1},
	Pages = {299--332},
	Title = {{Continuous-variable optical quantum-state tomography}},
	Volume = {81},
	Year = {2009}}

@article{Roy2017,
	Author = {Roy, Dibyendu and Wilson, C M and Firstenberg, Ofer},
	Journal = {Reviews of Modern Physics},
	Month = may,
	Number = {2},
	Pages = {1617--23},
	Title = {{Colloquium: Strongly interacting photons in one-dimensional continuum}},
	Volume = {89},
	Year = {2017}}

@article{Petev2013b,
	Author = {Petev, M and Westerberg, Niclas and Moss, D and Rubino, Eleonora and Rimoldi, C and Cacciatori, S L and Belgiorno, F and Faccio, Daniele},
	Journal = {Physical Review Letters},
	Number = {4},
	Pages = {043902{\textordmasculine}},
	Title = {{Blackbody emission from light interacting with an effective moving dispersive medium - Supplemental information}},
	Volume = {111}}

@incollection{Unruh2007,
	Address = {Berlin, Heidelberg},
	Author = {Unruh, William G},
	Booktitle = {Quantum analogues from phase transitions to black holes and cosmology},
	Editor = {Unruh, William G and Sch{\"u}tzhold, Ralf},
	Pages = {1--4},
	Publisher = {Springer Berlin Heidelberg},
	Title = {{The analogue between rimfall and black holes }},
	Year = {2007}}

@article{Garay2000,
	Author = {Garay, L J and Anglin, J R and Cirac, J I and Zoller, P},
	Journal = {Physical Review Letters},
	Month = nov,
	Number = {22},
	Pages = {4643--4647},
	Title = {{Sonic analog of gravitational black holes in bose-einstein condensates}},
	Volume = {85},
	Year = {2000}}

@article{Robertson2012jpb,
	Author = {Robertson, Scott},
	Journal = {Journal of Physics B: Atomic, Molecular and Optical Physics},
	Month = aug,
	Number = {16},
	Pages = {163001--42},
	Title = {{The theory of Hawking radiation in laboratory analogues}},
	Volume = {45},
	Year = {2012}}

@article{Kolesik2012,
	Author = {Kolesik, Miroslav and Townsend, Patrick and Moloney, Jerome V},
	Journal = {IEEE Journal of Selected Topics in Quantum Electronics},
	Month = jan,
	Number = {1},
	Pages = {494--506},
	Title = {{Theory and simulation of ultrafast intense pulse propagation in extended media}},
	Volume = {18},
	Year = {2012}}

@book{Schutzhold2007,
	Author = {Sch{\"u}tzhold, Ralf and Unruh, William G},
	Month = mar,
	Publisher = {Springer},
	Title = {{Quantum analogues: From phase transitions to black holes and cosmology}},
	Year = {2007}}

@book{Hartle2003,
	Address = {New York},
	Author = {Hartle, James B},
	Publisher = {Pearson Education},
	Title = {{Gravity. An introduction to Einstein's general relativity}},
	Year = {2003}}

@book{Agrawal2013,
	Address = {New York},
	Author = {Agrawal, Govind P},
	Edition = {5th},
	Publisher = {Academic Press},
	Title = {{Nonlinear fiber optics}},
	Year = {2013}}
	
	@article{hossain2017analysis,
  title={Analysis of optical properties for square, circular and hexagonal photonic crystal fiber},
  author={Hossain, Md Bellal and Bulbul, Abdullah Al-Mamun and Mukit, Md Abdul and Podder, Etu},
  journal={Optics and Photonics Journal},
  volume={7},
  number={11},
  pages={235--243},
  year={2017},
  publisher={Scientific Research Publishing}
}

@article{Birks1997,
	Author = {Birks, T A and Knight, J C and Russell, P St J},
	Journal = {Optics Letters},
	Month = jul,
	Number = {13},
	Pages = {961--963},
	Title = {{Endlessly single-mode photonic crystal fiber}},
	Volume = {22},
	Year = {1997}}

@article{Busch2014,
	Author = {Busch, Xavier and Parentani, Renaud},
	Journal = {Physical Review D},
	Month = may,
	Number = {10},
	Pages = {105024},
	Title = {{Quantum entanglement in analogue Hawking radiation: When is the final state nonseparable?}},
	Volume = {89},
	Year = {2014}}

@article{Unruh2005,
	Author = {Sch{\"u}tzhold, Ralf and Unruh, William G},
	Journal = {Physical Review D},
	Month = jan,
	Number = {2},
	Pages = {024028},
	Title = {{Universality of the Hawking effect}},
	Volume = {71},
	Year = {2005}}

@book{Lambropoulos2006,
	Address = {New York},
	Author = {Lambropoulos, Peter and Petrosyan, David},
	Month = oct,
	Publisher = {Springer},
	Title = {{Fundamentals~of~quantum~optics~and~quantum~information }},
	Year = {2006}}

@article{Unruh2012,
	Author = {Unruh, William G and Sch{\"u}tzhold, Ralf},
	Journal = {Physical Review D},
	Month = sep,
	Number = {6},
	Pages = {064006},
	Title = {{Hawking radiation from {\textquotedblleft}phase horizons{\textquotedblright} in laser filaments?}},
	Volume = {86},
	Year = {2012}}

@article{Crespi2016,
	Author = {Crespi, Andrea and Ramponi, Roberta and Bentivegna, Marco and Flamini, Fulvio and Spagnolo, Nicolo and Viggianiello, Niko and Innocenti, Luca and Mataloni, Paolo and Osellame, Roberto and Sciarrino, Fabio},
	Journal = {Nature Communications},
	Month = jan,
	Pages = {1--8},
	Title = {{Suppression law of quantum states in a 3D photonic fast Fourier transform chip}},
	Volume = {7},
	Year = {2016}}

@article{Ozawa2017,
	Author = {Ozawa, Tomoki and Amo, Alberto and Bloch, Jacqueline and Carusotto, Iacopo},
	Journal = {Physical Review A},
	Month = mar,
	Number = {1},
	Pages = {013813},
	Title = {{Klein tunneling in driven-dissipative photonic graphene}},
	Volume = {96},
	Year = {2017}}

@book{Basdevant2005,
	Author = {Basdevant, Jean-Louis and Dalibard, Jean},
	Month = oct,
	Publisher = {Springer},
	Title = {{Quantum~mechanics}},
	Year = {2005}}

@article{Visser1998,
	Author = {Visser, Matt},
	Journal = {Classical and Quantum Gravity},
	Month = jun,
	Number = {6},
	Pages = {1767--1791},
	Title = {{Acoustic black holes: horizons, ergospheres and Hawking radiation}},
	Volume = {15},
	Year = {1998}}

@book{Calmet2014,
	Author = {Calmet, Xavier},
	Month = nov,
	Publisher = {Springer},
	Title = {{Quantum Aspects of Black Holes}},
	Year = {2014}}

@article{Zapata2011,
	Author = {Zapata, I and Albert, M and Parentani, Renaud and Sols, F},
	Journal = {New Journal of Physics},
	Number = {6},
	Pages = {063048},
	Title = {{Resonant Hawking radiation in Bose{\textendash}Einstein condensates }},
	Volume = {13},
	Year = {2011}}

@article{Massar1996a,
	Author = {Massar, S and Parentani, Renaud},
	Journal = {Physical Review D},
	Month = dec,
	Number = {12},
	Pages = {7426--7443},
	Title = {{From vacuum fluctuations to radiation. I. Accelerated detectors}},
	Volume = {54},
	Year = {1996}}

@article{Robertson2014a,
	Author = {Robertson, Scott and Leonhardt, Ulf},
	Journal = {Physical Review E},
	Number = {5},
	Pages = {053303},
	Title = {{\textbf{Integral method for the calculation of Hawking radiation in dispersive media. I. Symmetric asymptotics}}},
	Volume = {90},
	Year = {2014}}

@article{Leonhardt2000prl,
	Author = {Leonhardt, Ulf and Piwnicki, P},
	Journal = {Physical Review Letters},
	Month = jan,
	Number = {5},
	Pages = {822--825},
	Title = {{\textbf{Relativistic effects of light in moving media with extremely low group velocity } }},
	Volume = {84},
	Year = {2000}}

@inproceedings{Bermudez2012aip,
	Author = {Bermudez, David and Fern{\'a}ndez C, David J},
	Booktitle = {AIP Conference Proceedings},
	Pages = {47--51},
	Publisher = {AIP},
	Title = {{Complex solutions to the Painlev{\'e} IV equation through supersymmetric quantum mechanics}},
	Year = {2012}}

@article{Wang2001,
	Author = {Wang, L J and Hong, C K and Friberg, Stephen R},
	Month = oct,
	Number = {5},
	Pages = {346--352},
	Title = {{Generation of correlated photons via four-wave mixing in optical fibres}},
	Volume = {3},
	Year = {2001}}

@article{Wilson2011,
	Author = {Wilson, C M and Johansson, G and Pourkabirian, A and Simoen, M and Johansson, J R and Duty, T and Nori, Franco and Delsing, P},
	Journal = {Nature},
	Month = nov,
	Number = {7373},
	Pages = {376--379},
	Title = {{Observation of the dynamical Casimir effect in a superconducting circuit}},
	Volume = {479},
	Year = {2011}}

@article{Leonhardt2012njp,
	Author = {Leonhardt, Ulf and Maia, Clovis and Sch{\"u}tzhold, Ralf},
	Journal = {New Journal of Physics},
	Month = oct,
	Number = {10},
	Pages = {105032--4},
	Title = {{Focus on classical and quantum analogues for gravitational phenomena and related effects}},
	Volume = {14},
	Year = {2012}}

@article{Santos2017,
	Author = {Santos, L C N and Barros Jr, C C},
	Journal = {arXiv},
	Month = jan,
	Pages = {1--11},
	Title = {{Generalized version of the creation and annihilation operators for the Schr{\"o}dinger equation }},
	Year = {2017}}

@article{Williams2017,
	Author = {Williams, Cameron L and Pandya, Nikhil N and Bodmann, Bernhard G and Kouri, Donald J},
	Eprint = {1701.02767v1},
	Eprintclass = {math-ph},
	Eprinttype = {arxiv},
	Journal = {arXiv},
	Month = jan,
	Number = {Chapter 8},
	Pages = {142--156},
	Title = {{Coupled supersymmetric quantum mechanics and ladder structures beyond the harmonic oscillator}},
	Year = {2017}}

@article{DelaTorre2017,
	Author = {De La Torre, Daniel},
	Month = jul,
	Pages = {1--1},
	Title = {{Eficiencia de generaci{\'o}n de radiaci{\'o}n de Hawking d{\'e}bilmente estimulada}},
	Year = {2017}}

@article{CruzDelgado2016,
	Author = {Cruz-Delgado, D and Ramirez-Alarcon, R and Ortiz-Ricardo, E and Monroy-Ruz, J and Dominguez-Serna, F and Cruz-Ramirez, H and Garay-Palmett, Karina and U{\textquoteright}Ren, Alfred B},
	Journal = {Scientific Reports},
	Month = may,
	Number = {1},
	Pages = {1--9},
	Title = {{Fiber-based photon-pair source capable of hybrid entanglement in frequency and transverse mode, controllably scalable to higher dimensions}},
	Volume = {6},
	Year = {2016}}

@article{Leonhardt2003job,
	Author = {Leonhardt, U and Kiss, T and {\"O}hberg, P},
	Journal = {Journal of Optics B: Quantum and Semiclassical Optics},
	Month = apr,
	Number = {2},
	Pages = {S42--S49},
	Title = {{Bogoliubov theory of the Hawking effect in Bose{\textendash}Einstein condensates}},
	Volume = {5},
	Year = {2003}}

@article{Bermudez2011ayp,
	Author = {Bermudez, David},
	Journal = {Avance y Perspectiva},
	Pages = {1--7},
	Title = {{La ciencia del color destierra mitos}},
	Volume = {4},
	Year = {2011}}

@article{Bermudez2016jpa,
	Author = {Bermudez, David and Fern{\'a}ndez C, David J and Negro, Javier},
	Journal = {Journal of Physics A: Mathematical and Theoretical},
	Month = jul,
	Number = {33},
	Pages = {335203},
	Title = {{Solutions to the Painlev{\'e} V equation through supersymmetric quantum mechanics}},
	Volume = {49},
	Year = {2016}}

@article{Xu2018,
	Author = {Xu, Lin and Tyc, Tomas and Chen, Huanyang},
	Journal = {arXiv},
	Month = feb,
	Pages = {1--18},
	Title = {{Geodesic conformal transformation optics: manipulating light with continuous refractive index profile}},
	Year = {2018}}

@article{Tran2014,
	Author = {Tran, Truong X and Longhi, Stefano and Biancalana, Fabio},
	Journal = {Annals of Physics},
	Month = jan,
	Number = {1},
	Pages = {179--187},
	Title = {{Optical analogue of relativistic Dirac solitons in binary waveguide arrays}},
	Volume = {340},
	Year = {2014}}

@article{Singh2007,
	Author = {Singh, Sunil Pratap and Singh, Nar},
	Journal = {Progress In Electromagnetics Research},
	Pages = {249--275},
	Title = {{Nonlinear effects in optical fibers: origin, management and applications}},
	Volume = {73},
	Year = {2007}}

@article{Tettamanti2016,
	Author = {Tettamanti, Manuele and Cacciatori, S L and Parola, A and Carusotto, Iacopo},
	Eprintclass = {cond-mat},
	Journal = {arXiv},
	Month = mar,
	Number = {quant-gas},
	Pages = {1--9},
	Title = {{Numerical study of a recent black hole lasing experiment }},
	Year = {2016}}

@book{Weinberg2015,
	Address = {Cambridge},
	Author = {Weinberg, Steven},
	Edition = {2},
	Publisher = {Cambridge University Press},
	Title = {{Lectures on Quantum Mechanics}},
	Year = {2015}}

@article{Lemaitre1933,
	Author = {Lema{\^\i}tre, Abb{\'e} Georges},
	Journal = {Annales de la Societe Scientifique de Bruxelles},
	Pages = {51},
	Title = {{L'Univers en expansion}},
	Volume = {33},
	Year = {1933}}

@article{Philbin2016,
	Journal = {Physical Review D},
	Month = sep,
	Number = {6},
	Pages = {064053--20},
	Title = {{An exact solution for the Hawking effect in a dispersive fluid}},
	Volume = {94},
	Year = {2016}}

@article{Mielnik2004,
	Author = {Mielnik, Bogdan and Rosas-Ortiz, Oscar},
	Journal = {Journal of Physics A: Mathematical and General},
	Month = oct,
	Number = {43},
	Pages = {10007--10035},
	Title = {{Factorization: little or great algorithm?}},
	Volume = {37},
	Year = {2004}}

@article{Kirchmair2013b,
	Author = {Kirchmair, Gerhard and Vlastakis, Brian and Leghtas, Zaki and Nigg, Simon E and Paik, Hanhee and Ginossar, Eran and Mirrahimi, Mazyar and Frunzio, Luigi and Girvin, S M and Schoelkopf, R J},
	Journal = {Nature},
	Month = mar,
	Number = {7440},
	Pages = {205--209},
	Title = {{Observation of quantum state collapse and revival due to the single-photon Kerr effect (Supplementary)}},
	Volume = {495},
	Year = {2013}}

@article{Gheibi2018,
	Author = {Gheibi, A and Safari, H and Innes, D E},
	Journal = {The European Physical Journal C},
	Month = aug,
	Number = {8},
	Pages = {1--8},
	Title = {{Magnetoacoustic and Alfv{\'e}nic black holes}},
	Volume = {78},
	Year = {2018}}

@inproceedings{Bermudez2015jp2,
	Author = {Bermudez, David and Fern{\'a}ndez C, David J},
	Booktitle = {Journal of Physics Conference Series},
	Pages = {012012},
	Title = {{A connection between supersymmetric quantum mechanics and Painlev{\'e} V equation }},
	Year = {2015}}

@article{Saldanha2011,
	Author = {Saldanha, Pablo L and Monken, C H},
	Journal = {New Journal of Physics},
	Month = jul,
	Number = {7},
	Pages = {073015--12},
	Title = {{Interaction between light and matter: a photon wave function approach}},
	Volume = {13},
	Year = {2011}}

@article{Plansinis2016,
	Author = {Plansinis, Brent W and Donaldson, William R and Agrawal, Govind P},
	Journal = {Journal of the Optical Society of America B},
	Number = {6},
	Pages = {1112--1119},
	Title = {{Temporal waveguides for optical pulses}},
	Volume = {33},
	Year = {2016}}

@proceedings{Gorin2016,
	Month = dec,
	Title = {{Overlap statistics for mixed states}},
	Year = {2016}}

@article{GarayPalmett2007,
	Author = {Garay-Palmett, Karina and McGuinness, H J and Cohen, Offir and Lundeen, Jeff S and Rangel-Rojo, Ra{\'u}l and U{\textquoteright}Ren, A B and Raymer, M G and McKinstrie, C J and Radic, S and Walmsley, Ian A},
	Journal = {Optics Express},
	Month = oct,
	Number = {22},
	Pages = {14870--14886},
	Title = {{Photon pair-state preparation with tailored spectral properties by spontaneous four-wave mixing in photonic-crystal fiber}},
	Volume = {15},
	Year = {2007}}

@article{Warburton2017,
	Author = {Warburton, Ryan and Aniculaesei, Constantin and Clerici, Matteo and Altmann, Yoann and Gariepy, Genevieve and McCracken, Richard and Reid, Derryck and McLaughlin, Steve and Petrovich, Marco and Hayes, John and Henderson, Robert and Faccio, Daniele and Leach, Jonathan},
	Journal = {Scientific Reports},
	Month = feb,
	Pages = {43302},
	Title = {{Observation of laser pulse propagation in optical fibers with a SPAD camera}},
	Volume = {7},
	Year = {2017}}

@article{Ciegis2013,
	Author = {Ciegis, Raimondas and Amiranashvili, Shalva and Radziunas, Mindaugas},
	Journal = {Kinetic and Related Models},
	Month = jun,
	Number = {2},
	Pages = {215--234},
	Title = {{\textbf{Numerical methods for generalized nonlinear Schr{\"o}dinger equations}}},
	Volume = {8},
	Year = {2015}}

@article{Hossenfelder2017b,
	Author = {Hossenfelder, Sabine},
	Date-Modified = {2018-10-17 16:09:30 -0500},
	Journal = {Nature Physics},
	Month = apr,
	Number = {4},
	Pages = {316--317},
	Title = {{Science needs reason to be trusted}},
	Volume = {13},
	Year = {2017}}

@article{Hoy2012,
	Author = {Hoy, Gilbert R and Odeurs, Jos},
	Journal = {Canadian Journal of Physics},
	Month = sep,
	Number = {9},
	Pages = {855--863},
	Title = {{Interpretation of the photon: wave{\textendash}particle duality}},
	Volume = {90},
	Year = {2012}}

@article{Amiranashvili2010epj,
	Author = {Amiranashvili, Shalva and Vladimirov, A G and Bandelow, Uwe},
	Journal = {The European Physical Journal D},
	Month = jan,
	Number = {2},
	Pages = {219--226},
	Title = {{A model equation for ultrashort optical pulses around the zero dispersion frequency}},
	Volume = {58},
	Year = {2010}}

@article{Hossenfelder2015b,
	Author = {Hossenfelder, Sabine},
	Month = sep,
	Number = {Chapter 2},
	Pages = {5--14},
	Title = {{How to Save the World}},
	Year = {2015}}

@article{FrankeArnold2004,
	Author = {Franke-Arnold, Sonja and Barnett, Stephen M and Yao, Eric and Leach, Jonathan and Courtial, Johannes and Padgett, Miles J},
	Journal = {New Journal of Physics},
	Month = jan,
	Number = {1},
	Pages = {103--103},
	Title = {{Uncertainty principle for angular position and angular momentum}},
	Volume = {6},
	Year = {2004}}

@article{Belgiorno2017,
	Journal = {arXiv},
	Title = {{The Hopfield-Kerr model and analogue black hole radiation in dielectrics }},
	Year = {2017}}

@article{Byalynicki2003,
	Author = {Byalynicki-Birula, Iwo},
	Journal = {Coherence and Quantum Optics},
	Month = oct,
	Pages = {1--10},
	Title = {{The photon wave function}},
	Year = {2003}}

@article{Visser2003,
	Author = {Visser, Matt},
	Journal = {International Journal of Modern Physics A},
	Month = may,
	Number = {4},
	Pages = {649--661},
	Title = {{Essential and inessential features of Hawking radiation }},
	Volume = {12},
	Year = {2003}}

@article{Philbin2008,
	Author = {Philbin, Thomas G and Kuklewicz, Chris and Robertson, Scott and Hill, Stephen and K{\"o}nig, Friedrich and Leonhardt, Ulf},
	Journal = {Science},
	Number = {5868},
	Pages = {1367--1370},
	Title = {{Fiber-optical analog of the event horizon}},
	Volume = {319},
	Year = {2008}}

@phdthesis{Perez2017,
	Author = {Perez Roman, Ivan de Jesus},
	Month = oct,
	School = {Cinvestav},
	Title = {{Regi{\'o}n interior al horizonte en agujeros negros regulares}},
	Year = {2017}}

@article{Aso2000,
	Author = {Aso, Osamu and Tadakuma, Masateru and Namiki, Shu},
	Journal = {Furukawa Review},
	Month = apr,
	Pages = {63--68},
	Title = {{Four-wave mixing in optical fibers and its applications}},
	Volume = {19},
	Year = {2000}}

@book{Tobisch2016,
	Address = {Cham},
	Author = {Tobisch, Elena},
	Editor = {Tobisch, Elena},
	Publisher = {Springer International Publishing},
	Series = {Lecture Notes in Physics},
	Title = {{New approaches to nonlinear waves}},
	Volume = {908},
	Year = {2016}}

@article{Bermudez2015ap,
	Author = {Bermudez, David},
	Journal = {Annals of Physics},
	Month = jan,
	Pages = {35--52},
	Title = {{Wronskian differential formula for k-confluent SUSY QM}},
	Volume = {364},
	Year = {2016}}

@article{GarayPalmett2012,
	Author = {Garay-Palmett, Karina and Jeronimo-Moreno, Y and U{\textquoteright}Ren, Alfred B and U{\textquoteright}Ren, A B},
	Journal = {Laser Physics},
	Number = {1},
	Pages = {015201},
	Title = {{Theory of cavity-enhanced spontaneous four wave mixing}},
	Volume = {23},
	Year = {2012}}

@article{Vilenkin1978,
	Author = {Vilenkin, A},
	Journal = {Physics Letters B},
	Number = {2-3},
	Pages = {301--303},
	Title = {{Exponential amplification of waves in the gravitational field of ultrarelativistic rotating body}},
	Volume = {78B},
	Year = {1978}}

@article{Lin2006,
	Author = {Lin, Qiang and Agrawal, Govind P},
	Journal = {Optics Letters},
	Number = {21},
	Pages = {3086},
	Title = {{Raman response function for silica fibers}},
	Volume = {31},
	Year = {2006}}

@article{Vaidman2012,
	Author = {Vaidman, Lev},
	Journal = {Physical Review A},
	Month = oct,
	Number = {4},
	Pages = {040101--4},
	Title = {{Role of potentials in the Aharonov-Bohm effect}},
	Volume = {86},
	Year = {2012}}

@incollection{Jacobson2005b,
	Author = {Jacobson, Ted},
	Booktitle = {Lectures on quantum gravity},
	Date-Modified = {2018-10-17 16:09:42 -0500},
	Pages = {39--89},
	Publisher = {Springer},
	Title = {{Introduction to quantum fields in curved spacetime and the Hawking effect}},
	Year = {2005}}

@phdthesis{Faccio2007,
	Address = {Universit{\'e} de Nice Sophia Antipolis},
	Author = {Faccio, Daniele},
	Month = apr,
	School = {Universit{\'e} de Nice Sophia Antipolis},
	Title = {{Nonlinear conical waves in ultrashort pulse filamentation and applications }},
	Year = {2007}}

@article{Leonhardt2012,
	Author = {Leonhardt, Ulf and Robertson, Scott},
	Journal = {New Journal of Physics},
	Month = may,
	Number = {5},
	Pages = {053003--15},
	Title = {{Analytical theory of Hawking radiation in dispersive media}},
	Volume = {14},
	Year = {2012}}

@article{Parentani2002,
	Author = {Parentani, Renaud},
	Journal = {International Journal of Modern Physics A},
	Month = apr,
	Number = {20},
	Pages = {2721--2725},
	Title = {{What did we learn from studying acoustic black holes?}},
	Volume = {17},
	Year = {2002}}

@article{Leonhardt2018,
	Author = {Leonhardt, Ulf},
	Journal = {Annalen der Physik},
	Month = mar,
	Number = {5},
	Pages = {1700114--7},
	Title = {{Questioning the recent observation of quantum Hawking radiation}},
	Volume = {530},
	Year = {2018}}

@booklet{Mandl2010,
	Author = {Mandl, Franz and Shaw, Graham},
	Howpublished = {Wiley},
	Title = {{Quantum field theory}},
	Year = {2010}}

@phdthesis{Michel2017,
	Author = {Michel, Florent},
	Month = aug,
	School = {Universit{\'e} Paris-Sud},
	Title = {{Nonlinear and quantum effects in analogue gravity}},
	Year = {2017}}

@article{Bialynicki1994,
	Author = {Bialynicki-Birula, Iwo},
	Journal = {Acta Physica Polonica A},
	Number = {1-2},
	Pages = {97--116},
	Title = {{On the wave-function of the photon}},
	Volume = {86},
	Year = {1994}}

@article{Kirchmair2013,
	Author = {Kirchmair, Gerhard and Vlastakis, Brian and Leghtas, Zaki and Nigg, Simon E and Paik, Hanhee and Ginossar, Eran and Mirrahimi, Mazyar and Frunzio, Luigi and Girvin, S M and Schoelkopf, R J},
	Journal = {Nature},
	Month = mar,
	Number = {7440},
	Pages = {205--209},
	Title = {{Observation of quantum state collapse and revival due to the single-photon Kerr effect}},
	Volume = {495},
	Year = {2013}}

@article{Corley1996,
	Author = {Corley, Steven and Jacobson, Ted},
	Journal = {Physical Review D},
	Number = {2},
	Pages = {1568--1586},
	Title = {{Hawking spectrum and high frequency dispersion}},
	Volume = {54},
	Year = {1996}}

@incollection{Amiranashvili2016,
	Address = {Cham},
	Author = {Amiranashvili, Shalva},
	Booktitle = {New approaches to nonlinear waves},
	Pages = {153--196},
	Publisher = {Springer International Publishing},
	Title = {{Hamiltonian framework for short optical pulses}},
	Year = {2016}}

@article{Gibbons1977prd,
	Author = {Gibbons, G W and Hawking, S W},
	Journal = {Physical Review D},
	Month = may,
	Number = {10},
	Pages = {2752--2756},
	Title = {{Action integrals and partition functions in quantum gravity}},
	Volume = {15},
	Year = {1977}}

@article{Nikolic2008,
	Author = {Nikoli{\'c}, Hrvoje},
	Journal = {American Journal of Physics},
	Month = feb,
	Number = {2},
	Pages = {143--146},
	Title = {{Would Bohr be born if Bohm were born before Born?}},
	Volume = {76},
	Year = {2008}}

@article{Barnett1989,
	Author = {Barnett, S M and Phoenix, S J D},
	Journal = {Physical Review A},
	Number = {5},
	Pages = {2404--2409},
	Title = {{Entropy as a Measure of Quantum Optical Correlation}},
	Volume = {40},
	Year = {1989}}

@article{Helfer2003,
	Author = {Helfer, Adam D},
	Journal = {Reports on Progress in Physics},
	Pages = {943--1008},
	Title = {{Do black holes radiate?}},
	Volume = {66},
	Year = {2003}}

@article{Hawking1974,
	Author = {Hawking, S W},
	Journal = {Nature},
	Number = {5443},
	Pages = {30--31},
	Title = {{Black hole explosions}},
	Volume = {248},
	Year = {1974}}

@article{Ishkhanyan2018,
	Author = {Ishkhanyan, A and Jakubsky, V},
	Journal = {Journal of Physics A: Mathematical and Theoretical},
	Month = feb,
	Pages = {1--13},
	Title = {{Two-dimensional Dirac fermion in presence of an asymmetric vector potential}},
	Year = {2018}}

@article{Hawking1975,
	Author = {Hawking, S W},
	Journal = {Communications in Mathematical Physics},
	Number = {3},
	Pages = {199--220},
	Title = {{Particle creation by black holes}},
	Volume = {43},
	Year = {1975}}

@article{Dodonov2017,
	Author = {Dodonov, V V and Dodonov, A V},
	Journal = {Physica Scripta},
	Month = sep,
	Number = {7},
	Pages = {1--22},
	Title = {{Energy{\textendash}time and frequency{\textendash}time uncertainty relations: exact inequalities}},
	Volume = {90},
	Year = {2017}}

@article{Leonhardt2018pra,
	Author = {Leonhardt, Ulf and Griniasty, Itay and Wildeman, Sander and Fort, Emmanuel and Fink, Mathias},
	Date-Modified = {2018-10-17 16:08:47 -0500},
	Journal = {Physical Review A},
	Month = aug,
	Number = {2},
	Pages = {022118},
	Title = {{Classical analog of the Unruh effect}},
	Volume = {98},
	Year = {2018}}

@article{Petev2017,
	Author = {Petev, Mihail and Westerberg, Niclas and Rubino, Eleonora and Moss, Daniel and Couairon, Arnaud and L{\'e}gar{\'e}, Fran{\c c}ois and Morandotti, Roberto and Faccio, Daniele and Clerici, Matteo},
	Journal = {Photonics},
	Month = dec,
	Number = {4},
	Pages = {7--10},
	Title = {{Phase-Insensitive Scattering of Terahertz Radiation}},
	Volume = {4},
	Year = {2017}}

@article{Faccio2012,
	Author = {Faccio, Daniele and Arane, Tal and Lamperti, Marco and Leonhardt, Ulf},
	Journal = {Classical and Quantum Gravity},
	Number = {22},
	Pages = {224009},
	Title = {{Optical black hole lasers}},
	Volume = {29},
	Year = {2012}}

@phdthesis{Su2017,
	Address = {University of Queensland},
	Author = {Su, Daiqin},
	Month = aug,
	School = {University of Queensland},
	Title = {{Quantum effects in non-inertial frames and curved spacetimes}},
	Year = {2017}}

@article{Xu2013,
	Author = {Xu, Y Q and Erkintalo, M and Genty, Go{\"e}ry and Murdoch, S G},
	Journal = {Optics Letters},
	Month = jan,
	Number = {2},
	Pages = {142--144},
	Title = {{Cascaded Bragg scattering in fiber optics}},
	Volume = {38},
	Year = {2013}}

@article{Drummond1993,
	Author = {Drummond, Peter D and Shelby, R M and Friberg, S R and Yamamoto, Y},
	Journal = {Nature},
	Number = {6444},
	Pages = {307--313},
	Title = {{Quantum solitons in optical fibres}},
	Volume = {365},
	Year = {1993}}

@article{Wang2015pra,
	Author = {Wang, S F and Mussot, A and Conforti, M and Bendahmane, A and Zeng, X L and Kudlinski, A},
	Date-Modified = {2018-10-17 16:07:36 -0500},
	Journal = {Physical Review A},
	Month = aug,
	Number = {2},
	Pages = {023837--6},
	Title = {{Optical event horizons from the collision of a soliton and its own dispersive wave}},
	Volume = {92},
	Year = {2015}}

@phdthesis{Ghirghi2012,
	Author = {Pereira Ghirghi, Marcelo Vaca},
	Month = aug,
	School = {CIO},
	Title = {{Fabricaci{\'o}n e Investigaci{\'o}n de Fibras de Cristal Fot{\'o}nico (Microestructuradas) con N{\'u}cleo de Gran {\'A}rea}},
	Year = {2012}}

@phdthesis{Bermudez2013phd,
	Address = {Cinvestav},
	Author = {Bermudez, David},
	Month = jul,
	School = {Cinvestav},
	Title = {{Polynomial Heisenberg algebras and Painlev{\'e} equations}},
	Year = {2013}}

@article{Fujiyoshi2005,
	Author = {Fujiyoshi, Satoru and Ishibashi, Taka-aki and Onishi, Hiroshi},
	Journal = {The Journal of Physical Chemistry B},
	Month = may,
	Number = {18},
	Pages = {8557--8561},
	Title = {{Fourth-Order Raman Spectroscopy of Wide-Band Gap Materials}},
	Volume = {109},
	Year = {2005}}

@phdthesis{MoralesSalgado2016,
	Address = {Cinvestav},
	Author = {Morales-Salgado, Vicente Said},
	Month = oct,
	School = {Cinvestav},
	Title = {{Socios supersim{\'e}tricos del oscilador truncado}},
	Year = {2016}}

@article{Rubino2011njp,
	Author = {Rubino, Eleonora and Belgiorno, F and Clerici, Matteo and Cacciatori, S L and Gorini, V and Ortenzi, G and Rizzi, L and Sala, V G and Kolesik, Miroslav and Faccio, Daniele},
	Journal = {New Journal of Physics},
	Month = aug,
	Number = {8},
	Pages = {085005},
	Title = {{Experimental evidence of analogue Hawking radiation from ultrashort laser pulse filaments}},
	Volume = {13},
	Year = {2011}}

@article{Leonhardt1995,
	Author = {Leonhardt, Ulf and Paul, H},
	Journal = {Progress in Quantum Electronics},
	Number = {2},
	Pages = {89--130},
	Title = {{Measuring the quantum state of light}},
	Volume = {19},
	Year = {1995}}

@article{Dudley2006,
	Author = {Dudley, John M and Genty, Go{\"e}ry and Coen, St{\'e}phane},
	Journal = {Reviews of Modern Physics},
	Month = oct,
	Number = {4},
	Pages = {1135--1184},
	Title = {{Supercontinuum generation in photonic crystal fiber}},
	Volume = {78},
	Year = {2006}}

@article{Atangana2015,
	Author = {Atangana, Jacques and Nnanga, Bibiane Mireille Ndi and Essama, Bedel Giscard Onana and Mokthari, Bouchra and Eddeqaqi, Noureddine Cherkaoui and Kofane, Timoleon Crepin},
	Journal = {Optics Communications},
	Month = mar,
	Number = {C},
	Pages = {194--208},
	Title = {{Efficient method of calculation of Raman soliton self-frequency shift in nonlinear optical media}},
	Volume = {339},
	Year = {2015}}

@article{Bermudez2016jp,
	Author = {Bermudez, David},
	Journal = {Journal of Physics: Conference Series},
	Pages = {012017},
	Title = {{Propagation of ultra-short higher-order solitons in a photonic crystal fiber}},
	Volume = {698},
	Year = {2016}}

@article{Robertson2014b,
	Author = {Robertson, Scott},
	Journal = {Physical Review E},
	Month = nov,
	Number = {5},
	Pages = {053303},
	Title = {{Integral method for the calculation of Hawking radiation in dispersive media. II. Asymmetric asymptotics}},
	Volume = {90},
	Year = {2014}}

@article{Bricmont2017,
	Author = {Bricmont, Jean},
	Eprint = {1703.00294v1},
	Eprintclass = {physics.hist-ph},
	Eprinttype = {arxiv},
	Journal = {arXiv},
	Month = mar,
	Title = {{History of Quantum Mechanics or the Comedy of Errors}},
	Year = {2017}}

@article{Hillery2009,
	Author = {Hillery, Mark},
	Journal = {Acta Physica Slovaca},
	Number = {1},
	Pages = {1--80},
	Title = {{An introduction to the quantum theory of nonlinear optics}},
	Volume = {59},
	Year = {2009}}

@techreport{Conde2016,
	Author = {Conde, Agustin},
	Month = dec,
	Title = {{Revision Programas}},
	Year = {2016}}

@article{Rovelli2003,
	Author = {Rovelli, Carlo},
	Journal = {International Journal of Modern Physics D},
	Number = {09},
	Pages = {1509--1528},
	Title = {{A dialog on quantum gravity}},
	Volume = {12},
	Year = {2003}}

@article{Bouchard2016,
	Author = {Bouchard, Fr{\'e}d{\'e}ric and Harris, J{\'e}r{\'e}mie and Mand, Harjaspreet and Boyd, Robert W and Karimi, Ebrahim},
	Journal = {Optica},
	Number = {4},
	Pages = {351--4},
	Title = {{Observation of subluminal twisted light in vacuum}},
	Volume = {3},
	Year = {2016}}

@article{CruzyCruz2016,
	Author = {Cruz y Cruz, S and Mielnik, B},
	Journal = {Journal of Physics: Conference Series},
	Month = apr,
	Pages = {012002},
	Title = {{Non-inertial quantization: truth or illusion?}},
	Volume = {698},
	Year = {2016}}

@article{Wright1991,
	Author = {Wright, Ewan M},
	Journal = {Physical Review A},
	Month = apr,
	Number = {7},
	Pages = {3836--3844},
	Title = {{Quantum theory of soliton propagation in an optical fiber using the Hartree approximation}},
	Volume = {43},
	Year = {1991}}

@article{Rousseaux2010,
	Author = {Rousseaux, Germain and Ma{\"\i}ssa, Philippe and Mathis, Christian and Coullet, Pierre and Philbin, Thomas G and Leonhardt, Ulf},
	Journal = {New Journal of Physics},
	Month = sep,
	Number = {9},
	Pages = {095018},
	Title = {{Horizon effects with surface waves on moving water}},
	Volume = {12},
	Year = {2010}}

@article{Finazzi2015prl,
	Author = {Finazzi, Stefano and Piazza, F and Abad, M and Smerzi, A and Recati, A},
	Journal = {Physical Review Letters},
	Month = jun,
	Number = {24},
	Pages = {245301},
	Title = {{Instability of the superfluid flow as black-hole lasing effect}},
	Volume = {114},
	Year = {2015}}

@article{CruzRamirez2011,
	Author = {Cruz-Ramirez, Hector and Ramirez-Alarcon, Roberto and Corona, Maria and Garay-Palmett, Karina and U{\textquoteright}Ren, Alfred B},
	Journal = {Optics and Photonics News},
	Month = nov,
	Number = {11},
	Pages = {36--41},
	Title = {{Spontaneous parametric processes in modern optics}},
	Volume = {22},
	Year = {2011}}

@article{Frodden2018,
	Author = {Frodden, Ernesto and Vald{\'e}s, Nicol{\'a}s},
	Eprint = {1806.11157},
	Eprintclass = {gr-qc},
	Eprinttype = {arxiv},
	Journal = {arXiv},
	Month = jun,
	Title = {{UNRUH EFFECT: Introductory notes to quantum effects for accelerated observers}},
	Year = {2018}}

@article{Platt1992,
	Author = {Platt, D E},
	Journal = {American Journal of Physics},
	Number = {4},
	Pages = {306--308},
	Title = {{A modern analysis of the Stern{\textendash}Gerlach experiment}},
	Volume = {60},
	Year = {1992}}

@article{Hossenfelder2017c,
	Date-Modified = {2018-10-17 16:09:27 -0500},
	Eprintclass = {gr-qc},
	Journal = {arXiv},
	Month = mar,
	Pages = {arXiv:1703.04462},
	Title = {{Analogue gravity models from conformal rescaling}},
	Year = {2017}}

@article{Zhu2011,
	Journal = {American Journal of Physics},
	Month = may,
	Number = {5},
	Pages = {499--507},
	Title = {{Improving students{\textquoteright} understanding of quantum mechanics via the Stern{\textendash}Gerlach experiment}},
	Volume = {79},
	Year = {2011}}

@inproceedings{Supe2013,
	Author = {Supe, A and Porins, J and Ivanovs, G},
	Booktitle = {Progress In Electromagnetics Research Symposium Proceedings},
	Month = apr,
	Pages = {1--3},
	Title = {{Optical fiber nonlinear coefficient measurements using FWM}},
	Year = {2013}}

@article{Amiranashvili2011,
	Author = {Amiranashvili, Shalva and Demircan, A},
	Journal = {Advances in Optical Technologies},
	Number = {5},
	Pages = {1--8},
	Title = {{Ultrashort Optical Pulse Propagation in terms of Analytic Signal}},
	Volume = {2011},
	Year = {2011}}

@article{Mielnik1994,
	Author = {Mielnik, Bogdan},
	Pages = {1--17},
	Title = {{The screen problem}},
	Volume = {24},
	Year = {1994}}

@article{Jacobson2005,
	Author = {Jacobson, Ted and Marolf, Donald and Rovelli, Carlo},
	Date-Modified = {2018-10-17 16:09:36 -0500},
	Journal = {International Journal of Theoretical Physics},
	Month = oct,
	Number = {10},
	Pages = {1807--1837},
	Title = {{Black hole entropy: Inside or out?}},
	Volume = {44},
	Year = {2005}}

@article{Mielnik1984,
	Author = {Mielnik, Bogdan},
	Journal = {Journal of Mathematical Physics},
	Month = dec,
	Number = {12},
	Pages = {3387--3389},
	Title = {{Factorization method and new potentials with the oscillator spectrum}},
	Volume = {25},
	Year = {1984}}

@article{Loures2017,
	Author = {Loures, Cristian Redondo and Roger, Thomas and Faccio, Daniele and Biancalana, Fabio},
	Journal = {Physical Review Letters},
	Month = jan,
	Number = {4},
	Pages = {043902--5},
	Title = {{Superresonant Radiation Stimulated by Higher Harmonics}},
	Volume = {118},
	Year = {2017}}

@article{Clerici2014,
	Author = {Clerici, Matteo and Petev, M and Rubino, Eleonora and Moss, D and Couairon, A and L{\'e}gar{\'e}, F and Morandotti, R and Faccio, Daniele},
	Eprint = {1403.6026},
	Eprintclass = {physics.optics},
	Eprinttype = {arxiv},
	Journal = {arXiv},
	Month = mar,
	Pages = {arXiv:1403.6026},
	Title = {{Stimulated resonant radiation}},
	Year = {2014}}

@article{Gu2015,
	Author = {Gu, Jie and Guo, Hairun and Wang, Shaofei and Zeng, Xianglong},
	Journal = {Optics Express},
	Number = {17},
	Pages = {22285--22290},
	Title = {{Probe-controlled soliton frequency shift in the regime of optical event horizon}},
	Volume = {23},
	Year = {2015}}

@article{VacaPereira2016,
	Author = {Vaca Pereira G, Marcelo and Minkovich, Vladimir P and Espinosa-Luna, R and Barmenkov, Yuri O and Calixto, S},
	Journal = {Annals of Physics},
	Number = {18},
	Pages = {4865--6},
	Title = {{Polarimetric parameters associated to special microstructured fibers}},
	Volume = {55},
	Year = {2016}}

@article{Santos2014,
	Journal = {Foundations of Science},
	Month = sep,
	Number = {4},
	Pages = {357--386},
	Title = {{Towards a realistic interpretation of quantum mechanics providing a model of the physical world}},
	Volume = {20},
	Year = {2014}}

@article{Scully2017,
	Author = {Scully, Marlan O and Lee, David and Schleich, Wolfgang and Svidzinsky, Anatoly},
	Eprint = {1709.00481v1},
	Eprintclass = {quant-ph},
	Eprinttype = {arxiv},
	Journal = {arXiv},
	Month = sep,
	Title = {{Black hole acceleration radiation: from a quantum optical perspective}},
	Year = {2017}}

@article{Lahteenmaki2014,
	Author = {L{\"a}hteenm{\"a}ki, P and Paraoanu, G S and Hassel, J and Hakonen, P J},
	Eprint = {1401.7875},
	Eprintclass = {cond-mat.mes-hall},
	Eprinttype = {arxiv},
	Journal = {arXiv},
	Month = jan,
	Pages = {1401.7875},
	Title = {{Photon generation from quantum vacuum using a Josephson metamaterial}},
	Year = {2014}}

@book{Griffiths2008,
	Author = {Griffiths, David},
	Publisher = {Wiley-VCH Verlag},
	Title = {{Introduction to elementary particles}},
	Year = {2008}}

@article{Gibbons1977,
	Author = {Gibbons, G W},
	Journal = {Proc. First Marcel Grossmann Meeting On General Relativity},
	Pages = {449--458},
	Title = {{Quantum processes near black holes}},
	Year = {1977}}

@book{Bermudez2017,
	Author = {Bermudez, David},
	Month = aug,
	Publisher = {Cinvestav},
	Title = {{Notas de Mec{\'a}nica Cu{\'a}ntica}},
	Year = {2017}}

@article{Painleve1921,
	Author = {Painlev{\'e}, Paul},
	Journal = {C. R. Acad. Sci.},
	Month = jul,
	Pages = {677--680},
	Title = {{La m{\'e}canique classique et la th{\'e}orie de la relativit{\'e}}},
	Volume = {173},
	Year = {1921}}

@article{Massar1996b,
	Author = {Massar, S and Parentani, Renaud},
	Journal = {Physical Review D},
	Month = dec,
	Number = {12},
	Pages = {7444--7458},
	Title = {{From vacuum fluctuations to radiation. II. Black holes}},
	Volume = {54},
	Year = {1996}}

@article{Marini2014,
	Author = {Marini, Andrea and Longhi, Stefano and Biancalana, Fabio},
	Journal = {Physical Review Letters},
	Month = oct,
	Number = {15},
	Pages = {150401--5},
	Title = {{Optical simulation of neutrino oscillations in binary waveguide arrays}},
	Volume = {113},
	Year = {2014}}

@article{Hillery1983,
	Author = {Hillery, M and O'Connell, R F and Scully, Marlan O and Wigner, Eugene P},
	Journal = {Phys. Rept.},
	Number = {3},
	Pages = {121--167},
	Title = {{Distribution functions in physics: Fundamentals}},
	Volume = {106},
	Year = {1984}}

@article{Schutzhold2011,
	Author = {Sch{\"u}tzhold, Ralf and Unruh, William G},
	Journal = {Physical Review Letters},
	Month = sep,
	Number = {14},
	Pages = {149401--1},
	Title = {{Comment on {\textquotedblleft}Hawking Radiation from Ultrashort Laser Pulse Filaments{\textquotedblright}}},
	Volume = {107},
	Year = {2011}}

@article{Carr2009,
	Journal = {American Journal of Physics},
	Month = apr,
	Number = {4},
	Pages = {308--319},
	Title = {{Graduate quantum mechanics reform}},
	Volume = {77},
	Year = {2009}}

@book{Pires2014,
	Author = {Teixeira Pires, Antonio Sergio},
	Publisher = {Morgan {\&} Claypool Publishers},
	Title = {{AdS/CFT correspondence in condensed matter}},
	Year = {2014}}

@article{Prain2017,
	Author = {Prain, A and Vezzoli, S and Roger, T},
	Journal = {Physical Review Letters},
	Month = mar,
	Number = {13},
	Pages = {133904},
	Title = {{Spontaneous photon production in time-dependent epsilon-near-zero materials}},
	Volume = {118},
	Year = {2017}}

@article{Dougherty2016,
	Author = {Dougherty, J and Callender, C},
	Title = {{Black hole thermodynamics: more than an analogy?}},
	Year = {2016}}

@mastersthesis{Moreno2012,
	Address = {University of Delaware},
	Author = {Moreno, Jamy B},
	Month = may,
	School = {University of Delaware},
	Title = {{Spontaneous four-wave mixing in standard birefringent fiber}},
	Year = {2012}}

@article{Schwinger1951,
	Author = {Schwinger, Julian},
	Journal = {Physical Review},
	Month = jun,
	Number = {5},
	Pages = {664--679},
	Title = {{On Gauge Invariance and Vacuum Polarization}},
	Volume = {82},
	Year = {1951}}

@phdthesis{Petev2014,
	Author = {Petev, Mihail},
	Month = aug,
	School = {Heriot Watt University},
	Title = {{Negative frequency resonant four-wave mixing}},
	Year = {2014}}

@article{Friberg1992,
	Author = {Friberg, Stephen R and DeLong, Kenneth W},
	Journal = {Optics Letters},
	Month = jul,
	Number = {14},
	Pages = {979--981},
	Title = {{Breakup of bound higher-order solitons}},
	Volume = {17},
	Year = {1992}}

@article{Stone2013,
	Author = {Stone, Michael},
	Journal = {Classical and Quantum Gravity},
	Month = mar,
	Number = {8},
	Pages = {085003--14},
	Title = {{An analogue of Hawking radiation in the quantum Hall effect}},
	Volume = {30},
	Year = {2013}}

@article{Vanzo2011,
	Author = {Vanzo, L and Acquaviva, G and Criscienzo, R Di},
	Journal = {Classical and Quantum Gravity},
	Month = sep,
	Number = {18},
	Pages = {183001--80},
	Title = {{Tunnelling methods and Hawking's radiation: achievements and prospects}},
	Volume = {28},
	Year = {2011}}

@article{Driben2013,
	Author = {Driben, R and Yulin, A V and Efimov, Anatoly and Malomed, B A},
	Journal = {Optics Express},
	Number = {16},
	Pages = {19091--6},
	Title = {{Trapping of light in solitonic cavities and its role in the supercontinuum generation}},
	Volume = {21},
	Year = {2013}}

@article{Tartara2012,
	Author = {Tartara, Luca},
	Journal = {IEEE Journal of Quantum Electronics},
	Month = sep,
	Number = {11},
	Pages = {1439--1442},
	Title = {{Frequency shifting of femtosecond pulses by reflection at solitons}},
	Volume = {48},
	Year = {2012}}

@mastersthesis{Bermudez2010msc,
	Address = {Cinvestav},
	Author = {Bermudez, David},
	Month = nov,
	School = {Cinvestav},
	Title = {{Supersimetr{\'\i}a y ecuaci{\'o}n de Painlev{\'e} IV}},
	Year = {2010}}

@article{Evans2013,
	Author = {Evans, Christopher C and Shtyrkova, Katia and Bradley, Jonathan D B and Reshef, Orad and Ippen, Erich and Mazur, Eric},
	Journal = {Optics Express},
	Number = {15},
	Pages = {18582--10},
	Title = {{Spectral broadening in anatase titanium dioxide waveguides at telecommunication and near-visible wavelengths}},
	Volume = {21},
	Year = {2013}}

@article{Leonhardt2012b,
	Author = {Leonhardt, Ulf},
	Date-Modified = {2018-10-17 16:08:59 -0500},
	Month = jun,
	Pages = {1--25},
	Title = {{Transformation Optics}},
	Year = {2012}}

@article{Einstein2005,
	Author = {Einstein, Albert},
	Journal = {Annalen der Physik},
	Pages = {132},
	Title = {{Concerning an heuristic point of view toward the emission and transformation of light}},
	Volume = {17},
	Year = {2005}}

@article{Euve2018,
	Author = {Euv{\'e}, L{\'e}o-Paul and Robertson, Scott and James, Nicolas and Fabbri, Alessandro and Rousseaux, Germain},
	Eprint = {1806.05539},
	Eprintclass = {gr-qc},
	Eprinttype = {arxiv},
	Journal = {arXiv},
	Month = jun,
	Title = {{Scattering of surface waves on an analogue black hole}},
	Year = {2018}}

@article{Peloquin2016,
	Author = {Peloquin, C{\'e}dric and Euv{\'e}, L{\'e}o-Paul and Philbin, Thomas G and Rousseaux, Germain},
	Journal = {Physical Review D},
	Month = apr,
	Number = {8},
	Pages = {084032},
	Title = {{Analog wormholes and black hole laser effects in hydrodynamics}},
	Volume = {93},
	Year = {2016}}

@article{Giovannini2015,
	Author = {Giovannini, D and Romero, J and Potocek, Vaclav and Ferenczi, G and Speirits, F and Barnett, Stephen M and Faccio, Daniele and Padgett, Miles J},
	Journal = {Science},
	Number = {6224},
	Pages = {857--860},
	Title = {{Spatially structured photons that travel in free space slower than the speed of light}},
	Volume = {347},
	Year = {2015}}

@article{Liu2015,
	Author = {Liu, Xing and Zhou, Binbin and Guo, Hairun and Bache, Morten},
	Journal = {Optics Letters},
	Month = aug,
	Number = {16},
	Pages = {3798--3801},
	Title = {{Mid-IR femtosecond frequency conversion by soliton-probe collision in phase-mismatched quadratic nonlinear crystals}},
	Volume = {40},
	Year = {2015}}

@article{Sarkar2017,
	Author = {Sarkar, Supratik and Bhattacharyay, A},
	Eprint = {1703.08027},
	Eprintclass = {gr-qc},
	Eprinttype = {arxiv},
	Journal = {arXiv},
	Month = mar,
	Title = {{Quantum Potential induced UV-IR coupling in Analogue Hawking radiation: From Bose-Einstein Condensates to canonical acoustic black holes}},
	Year = {2017}}

@article{Styer2002,
	Journal = {American Journal of Physics},
	Month = mar,
	Number = {3},
	Pages = {288--297},
	Title = {{Nine formulations of quantum mechanics}},
	Volume = {70},
	Year = {2002}}

@article{deNova2017,
	Author = {Mu{\~n}oz de Nova, Juan Ram{\'o}n},
	Month = sep,
	Number = {3},
	Pages = {54--33},
	Title = {{Non-Linear Stationary Solutions in Realistic Models for Analog Black-Hole Lasers}},
	Volume = {3},
	Year = {2017}}

@article{Fischer2001,
	Author = {Fischer, Uwe R and Volovik, Grigori E},
	Journal = {International Journal of Modern Physics D},
	Month = n/a,
	Number = {1},
	Pages = {57--88},
	Title = {{Thermal Quasi-Equilibrium States Across Landau Horizons in the Effective Gravity of Superfluids}},
	Volume = {10},
	Year = {2001}}

@article{Horsley2016,
	Author = {Horsley, S A R and Bugler-Lamb, S},
	Journal = {Physical Review A},
	Month = jun,
	Number = {6},
	Pages = {063828},
	Title = {{Negative frequencies in wave propagation: A microscopic model}},
	Volume = {93},
	Year = {2016}}

@book{Mukhanov2007,
	Author = {Mukhanov, V and Winitzki, S},
	Publisher = {Cambridge University Press},
	Title = {{Introduction to quantum effects in gravity}},
	Year = {2007}}

@article{Parola2017,
	Author = {Parola, Alberto and Tettamanti, Manuele and Cacciatori, Sergio L},
	Journal = {EPL (Europhysics Letters)},
	Month = nov,
	Number = {5},
	Pages = {50002--7},
	Title = {{Analogue Hawking radiation in an exactly solvable model of BEC}},
	Volume = {119},
	Year = {2017}}

@incollection{Aharonov2005,
	Author = {Aharonov, Y and Rohrlich, D},
	Month = jan,
	Pages = {1--17},
	Title = {{Phases and Gauges}},
	Year = {2005}}

@article{Zhang2011,
	Author = {Zhang, Shanchao and Chen, J F and Liu, Chang and Loy, M M T and Wong, G K L and Du, Shengwang},
	Journal = {Physical Review Letters},
	Month = jun,
	Number = {24},
	Pages = {243602--4},
	Title = {{Optical precursor of a single photon}},
	Volume = {106},
	Year = {2011}}

@book{Parker2009,
	Address = {Cambridge},
	Author = {Parker, Leonard and Toms, David},
	Publisher = {Cambridge University Press},
	Series = {Quantized Fields and Gravity},
	Title = {{Quantum field theory in curved spacetime}},
	Year = {2009}}
@article{bermudez2018resonant,
  title={Resonant {H}awking radiation as an instability},
  author={Bermudez, David and Leonhardt, Ulf},
  journal={Classical and Quantum Gravity},
  volume={36},
  number={2},
  pages={024001},
  year={2018},
  publisher={IOP Publishing}
}

@booklet{Karasawa2012,
	Author = {Karasawa, Naoki and Tada, Kazuhiro},
	Howpublished = {InTech},
	Title = {{Optical solitons from a photonic crystal fiber and their applications}},
	Year = {2012}}

@article{Bermudez2013ap,
	Author = {Bermudez, David and Fern{\'a}ndez C, David J},
	Journal = {Annals of Physics},
	Month = mar,
	Pages = {290--306},
	Title = {{Factorization method and new potentials from the inverted oscillator}},
	Volume = {333},
	Year = {2013}}

@book{Basdevant2007,
	Address = {New York},
	Author = {Basdevant, Jean-Louis},
	Month = may,
	Publisher = {Springer},
	Title = {{Lectures on quantum mechanics}},
	Year = {2007}}

@phdthesis{GarciaMunoz2017,
	Author = {Garc{\'\i}a-Mu{\~n}oz, Juan Domingo},
	Month = jul,
	Title = {{{\'A}lgebras y estados coherentes multifot{\'o}nicos para Hamiltonianos generados supersim{\'e}tricamente}},
	Year = {2017}}

@article{Vieira2014,
	Author = {Vieira, Marcelo and Carvalho, Alexandre M de M and Furtado, Claudio},
	Journal = {Physical Review A},
	Month = jul,
	Number = {1},
	Pages = {012105--4},
	Title = {{Aharonov-Bohm effect for light in a moving medium}},
	Volume = {90},
	Year = {2014}}

@phdthesis{GarayPalmett2009,
	Author = {Garay-Palmett, Karina},
	Month = dec,
	School = {Cicese},
	Title = {{Propiedades de enlazamiento espectral de parejas de fotones generadas por sFWM en fibra {\'o}ptica}},
	Year = {2009}}

@article{Bialynicki2008,
	Author = {Bialynicki-Birula, Iwo},
	Month = feb,
	Pages = {1--53},
	Title = {{Photon wave function}},
	Year = {2008}}

@article{Bermudez2013tre,
	Author = {Bermudez, David and Fern{\'a}ndez C, David J},
	Journal = {Trends in Mathematics},
	Pages = {1--11},
	Title = {{Solution hierarchies for the Painlev{\'e} IV equation}},
	Year = {2013}}

@article{Das2018,
	Journal = {Proceedings of the Royal Society A: Mathematical, Physical and Engineering Science},
	Month = jan,
	Number = {2209},
	Pages = {20170223--19},
	Title = {{Dynamics of flexural gravity waves: from sea ice to Hawking radiation and analogue gravity}},
	Volume = {474},
	Year = {2018}}

@article{Weinfurtner2011,
	Author = {Weinfurtner, Silke and Tedford, Edmund W and Penrice, Matthew C J and Unruh, William G and Lawrence, Gregory A},
	Journal = {Physical Review Letters},
	Month = jan,
	Number = {2},
	Pages = {021302--4},
	Title = {{Measurement of Stimulated Hawking Emission in an Analogue System}},
	Volume = {106},
	Year = {2011}}

@article{Leonhardt2007,
	Author = {Leonhardt, Ulf and Philbin, Thomas G},
	Journal = {Lect. Notes Phys.},
	Pages = {229--245},
	Title = {{Black hole lasers revisited.}},
	Volume = {718},
	Year = {2007}}

@article{franken1961generation,
  title={Generation of optical harmonics},
  author={Franken, Alan E and Peters, CW and Weinreich, G},
  journal={Physical Review Letters},
  volume={7},
  number={4},
  pages={118},
  year={1961},
  publisher={APS}
}
@article{armstrong1962interactions,
  title={Interactions between light waves in a nonlinear dielectric},
  author={Armstrong, JA and Bloembergen, N and Ducuing, J and Pershan, PS},
  journal={Physical Review},
  volume={127},
  number={6},
  pages={1918},
  year={1962},
  publisher={APS}
}
@proceedings{Higgins2008,
	Title = {{Primer on Fourier transforms}},
	Year = {2008}}
@misc{squeezing2004pd,
  title={Quantum squeezing},
  author={Drummond, Peter D and Ficek, Zbigniew},
  volume={27},
  year={2013},
  publisher={Springer Science \& Business Media}
}

@book{landau1960elektrodinamika,
  title={Electrodynamics of Continuous Media},
  author={Landau, L.D., and Lifshitz, E.M.},
  year={1960},
  publisher={Pergamon, Oxford}
}
@book{Hasegawa2012,
	Address = {Berlin},
	Author = {Hasegawa, A and Matsumoto, M},
	Edition = {3rd},
	Month = oct,
	Publisher = {Springer},
	Title = {{Optical solitons in fibers}},
	Year = {2012}}
@incollection{bullough1980soliton,
  title={The soliton and its history},
  author={Bullough, Robin K and Caudrey, PJ},
  booktitle={Solitons},
  pages={1--64},
  year={1980},
  publisher={Springer}
}
@book{kivshar2003optical,
Address = {New York},
  title={Optical solitons: from fibers to photonic crystals},
  author={Kivshar, Yuri S and Agrawal, Govind},
  year={2003},
  publisher={Academic press}
}
@article{Lin2006b,
	Author = {Lin, Qiang and Yaman, F and Agrawal, Govind P},
	Date-Modified = {2018-10-17 16:08:35 -0500},
	Journal = {Optics Letters},
	Month = may,
	Number = {9},
	Pages = {1286--1288},
	Title = {{Photon-pair generation by four-wave mixing in optical fibers}},
	Volume = {31},
	Year = {2006}}

@article{Rogers2017,
	Author = {Rogers, Colin and Bassom, Andrew P and Clarkson, Peter A},
	Eprint = {1703.02282v1},
	Eprintclass = {nlin.SI},
	Eprinttype = {arxiv},
	Journal = {arXiv},
	Month = mar,
	Title = {{On Integrable Ermakov-Painlev{\'e} IV Systems}},
	Year = {2017}}

@article{Yulin2013,
	Author = {Yulin, A V and Driben, R and Malomed, B A and Skryabin, Dmitry V},
	Journal = {Optics Express},
	Number = {12},
	Pages = {14481},
	Title = {{Soliton interaction mediated by cascaded four wave mixing with dispersive waves}},
	Volume = {21},
	Year = {2013}}

@article{Lai1993,
	Author = {Lai, Yinchieh},
	Journal = {Journal of the Optical Society of America B},
	Month = mar,
	Number = {3},
	Pages = {475--484},
	Title = {{$_{Quantum theory of soliton propagation: A unified approach based on the linearization approximation}$}},
	Volume = {10},
	Year = {1993}}

@article{Corley1998,
	Author = {Corley, Steven},
	Journal = {Physical Review D},
	Month = may,
	Number = {10},
	Pages = {6280--6291},
	Title = {{Computing the spectrum of black hole radiation in the presence of high frequency dispersion: An analytical approach}},
	Volume = {57},
	Year = {1998}}

@article{Gullstrand1922,
	Author = {Gullstrand, Allvar},
	Journal = {Arkiv. Mat. Astron. Fys.},
	Pages = {1--15},
	Title = {{Allgemeine L{\"o}sung des statischen Eink{\"o}rperproblems in der Einsteinschen Gravitationstheorie}},
	Volume = {16},
	Year = {1922}}

@article{Amiranashvili2013pra,
	Author = {Amiranashvili, Shalva and Akhmediev, Nail and Bandelow, Uwe},
	Journal = {Physical Review A},
	Month = jan,
	Number = {1},
	Pages = {013805},
	Title = {{Few-cycle optical solitary waves in nonlinear dispersive media}},
	Volume = {87},
	Year = {2013}}

@article{Biancalana2012,
	Author = {Biancalana, Fabio},
	Journal = {Physics},
	Month = jun,
	Pages = {68},
	Title = {{Negative frequencies get real}},
	Volume = {5},
	Year = {2012}}

@article{Hasegawa2008,
	Author = {Hasegawa, Tomoharu and Nagashima, Tatsuo and Sugimoto, Naoki},
	Journal = {Optics Communications},
	Month = feb,
	Number = {4},
	Pages = {782--787},
	Title = {{Determination of nonlinear coefficient and group-velocity-dispersion of bismuth-based high nonlinear optical fiber by four-wave-mixing}},
	Volume = {281},
	Year = {2008}}

@article{FernandezC1984,
	Author = {Fern{\'a}ndez C, David J},
	Journal = {Letters in Mathematical Physics},
	Number = {4},
	Pages = {337--343},
	Title = {{New hydrogen-like potentials}},
	Volume = {8},
	Year = {1984}}

@article{Liberati2017,
	Author = {Liberati, Stefano},
	Journal = {Journal of Physics: Conference Series},
	Month = aug,
	Pages = {012009--17},
	Title = {{Analogue gravity models of emergent gravity: lessons and pitfalls}},
	Volume = {880},
	Year = {2017}}

@article{Vidal2003,
	Author = {Vidal, G and Latorre, J I and Rico, E and Kitaev, A},
	Journal = {Physical Review Letters},
	Month = jun,
	Number = {22},
	Pages = {33--4},
	Title = {{Entanglement in Quantum Critical Phenomena}},
	Volume = {90},
	Year = {2003}}

@book{Abramowitz1964,
	Author = {Abramowitz, Milton and Stegun, Irene A},
	Publisher = {Dover},
	Title = {{Handbook of mathematical functions with formulas, graphs and mathematical tables}},
	Year = {1964}}

@article{Wang2016,
	Author = {Wang, Yi-Hsieh and Jacobson, Ted and Edwards, Mark and Clark, Charles W},
	Eprint = {1605.01027},
	Eprintclass = {cond-mat.quant-gas},
	Eprinttype = {arxiv},
	Journal = {arXiv},
	Month = may,
	Title = {{Mechanism of stimulated Hawking radiation in a laboratory Bose-Einstein condensate}},
	Year = {2016}}

@article{Rubino2012sr2,
	Author = {Rubino, Eleonora and Lotti, A and Belgiorno, F and Cacciatori, S L and Couairon, A and Leonhardt, Ulf and Faccio, Daniele},
	Journal = {Scientific Reports},
	Month = oct,
	Pages = {932},
	Title = {{Soliton-induced relativistic-scattering and amplification (Sup. Inf.)}},
	Volume = {2},
	Year = {2012}}

@article{Jacobson1999,
	Author = {Jacobson, T},
	Journal = {Progress of Theoretical Physics Supplement},
	Number = {136},
	Pages = {1--17},
	Title = {{Trans-Planckian redshifts and the substance of the space-time river }},
	Year = {1999}}

@book{Wald1994,
	Address = {Chicago, IL},
	Author = {Wald, Robert M},
	Publisher = {The University of Chicago Press},
	Title = {{Quantum field theory in curved spacetime and black hole thermodynamics}},
	Year = {1994}}

@article{Deng2016,
	Author = {Deng, Zhixiang and Shi, Xiaohui and Tan, Chao and Fu, Xiquan},
	Journal = {Journal of the Optical Society of America B},
	Number = {5},
	Pages = {857--7},
	Title = {{Reversible conversion between optical frequencies of probe and idler waves in regime of optical event horizon}},
	Volume = {33},
	Year = {2016}}

@book{Hossenfelder2017,
	Author = {Hossenfelder, Sabine},
	Editor = {Hossenfelder, Sabine},
	Month = oct,
	Publisher = {Springer},
	Title = {{Experimental search for quantum gravity}},
	Year = {2017}}

@phdthesis{Bermudez2008bsc,
	Address = {Zacatecas},
	Author = {Bermudez, David},
	Month = jun,
	School = {UAZ},
	Title = {{Eficiencia de extracci{\'o}n de luz para LEDs esf{\'e}ricos }},
	Year = {2008}}

@article{Skryabin2010,
	Author = {Skryabin, Dmitry V and Gorbach, Andrey V},
	Journal = {Reviews of Modern Physics},
	Month = apr,
	Number = {2},
	Pages = {1287--1299},
	Title = {{Colloquium: Looking at a soliton through the prism of optical supercontinuum}},
	Volume = {82},
	Year = {2010}}

@article{Jacquet2017,
	Author = {Jacquet, Maxime and K{\"o}nig, Friedrich},
	Eprint = {1709.03100v2},
	Eprintclass = {quant-ph},
	Eprinttype = {arxiv},
	Journal = {arXiv},
	Month = sep,
	Title = {{Analytics and Numerics of Spontaneous Emission of Light at the Optical Event Horizon}},
	Year = {2017}}

@article{Clarkson2017,
	Author = {Clarkson, Peter A},
	Journal = {Journal of Mathematical Analysis},
	Month = apr,
	Pages = {1--38},
	Title = {{On integrable Ermakov-Painlev{\'e} IV systems}},
	Year = {2017}}

@article{Stringari2018,
	Author = {Stringari, Sandro},
	Eprint = {1805.11325v1},
	Eprintclass = {cond-mat.quant-gas},
	Eprinttype = {arxiv},
	Journal = {arXiv},
	Month = may,
	Title = {{Quantum fluctuations and Gross-Pitaevskii theory}},
	Year = {2018}}

@article{Paraoanu2014,
	Author = {Paraoanu, G S},
	Journal = {Journal of Low Temperature Physics},
	Month = apr,
	Number = {5-6},
	Pages = {633--654},
	Title = {{Recent progress in quantum simulation using superconducting circuits}},
	Volume = {175},
	Year = {2014}}

@mastersthesis{Rosenberg2016,
	Address = {Weizmann Institute of Science},
	Author = {Rosenberg, Yuval},
	Month = feb,
	School = {Weizmann Institute of Science},
	Title = {{Classical phenomena at optical event horizons }},
	Year = {2016}}

@article{GarayPalmett2010,
	Author = {Garay-Palmett, Karina and U{\textquoteright}Ren, Alfred B and Rangel-Rojo, Ra{\'u}l},
	Journal = {Physical Review A},
	Month = oct,
	Number = {4},
	Pages = {043809--11},
	Title = {{Conversion efficiency in the process of copolarized spontaneous four-wave mixing}},
	Volume = {82},
	Year = {2010}}

@article{Moore1970,
	Author = {Moore, Gerald T},
	Journal = {Journal of Mathematical Physics},
	Number = {9},
	Pages = {2679--2691},
	Title = {{Quantum theory of the electromagnetic field in a variable-length one-dimensional cavity}},
	Volume = {11},
	Year = {1970}}

@article{Lin2018,
	Author = {Lin, De-Hone},
	Month = jan,
	Pages = {1--25},
	Title = {{The Hooke-Newton transmutation system of magnetic force}},
	Year = {2018}}

@article{Dey2016,
	Author = {Dey, Ramit and Liberati, Stefano and Turcati, Rodrigo},
	Journal = {Physical Review D},
	Month = nov,
	Number = {10},
	Pages = {104068--10},
	Title = {{AdS and dS black hole solutions in analogue gravity: The relativistic and nonrelativistic cases}},
	Volume = {94},
	Year = {2016}}

@article{MonroyRuz2017,
	Author = {Monroy-Ruz, Jorge and Garay-Palmett, Karina and U{\textquoteright}Ren, Alfred B},
	Journal = {New Journal of Physics},
	Month = mar,
	Number = {10},
	Pages = {1--17},
	Title = {{Counter-propagating spontaneous four wave mixing: photon-pair factorability and ultra-narrowband single photons}},
	Volume = {18},
	Year = {2017}}

@article{Beech2005,
	Author = {Beech, Robert and Osman, Frederick},
	Journal = {American Journal of Applied Sciences},
	Number = {9},
	Pages = {1356--1369},
	Title = {{Effects of higher order dispersion terms in the nonlinear Schr{\"o}dinger equation}},
	Volume = {2},
	Year = {2005}}

@article{Petev2013,
	Author = {Petev, M and Westerberg, Niclas and Moss, D and Rubino, Eleonora and Rimoldi, C and Cacciatori, S L and Belgiorno, F and Faccio, Daniele},
	Journal = {Physical Review Letters},
	Month = jul,
	Number = {4},
	Pages = {043902},
	Title = {{Blackbody emission from light interacting with an effective moving dispersive medium}},
	Volume = {111},
	Year = {2013}}

@article{Smolyaninov2013,
	Author = {Smolyaninov, Igor I},
	Journal = {Physical Review A},
	Month = sep,
	Number = {3},
	Pages = {033843--4},
	Title = {{Analog of gravitational force in hyperbolic metamaterials}},
	Volume = {88},
	Year = {2013}}

@inproceedings{Bermudez2014aip,
	Author = {Bermudez, David and Fern{\'a}ndez C, David J},
	Booktitle = {AIP Conference Proceedings},
	Month = may,
	Pages = {50--88},
	Publisher = {AIP Publishing LLC},
	Title = {{Supersymmetric quantum mechanics and Painlev{\'e} equations}},
	Year = {2014}}

@article{Smith2009,
	Author = {Smith, Brian J and Mahou, Pierre and Cohen, Offir and Lundeen, Jeff S and Walmsley, Ian A},
	Journal = {Conference on Lasers and Electro-Optics/International Quantum Electronics Conference (2009), paper ITuE2},
	Month = may,
	Pages = {ITuE2},
	Title = {{Photon pair generation via spontaneous four-wave mixing in birefringent optical fibers}},
	Year = {2009}}

@article{Wang2015,
	Author = {Wang, S F and Mussot, A and Conforti, M and Zeng, X L and Kudlinski, A},
	Journal = {Optics Letters},
	Number = {14},
	Pages = {3320--4},
	Title = {{Bouncing of a dispersive wave in a solitonic cage}},
	Volume = {40},
	Year = {2015}}

@article{Podlipensky2008,
	Author = {Podlipensky, A and Szarniak, P and Joly, N Y and Russell, P St J},
	Journal = {Journal of the Optical Society of America B},
	Month = dec,
	Number = {12},
	Pages = {2049--2056},
	Title = {{Anomalous pulse breakup in small-core photonic crystal fibers}},
	Volume = {25},
	Year = {2008}}

@article{Baily2015,
	Author = {Baily, Charles and Finkelstein, Noah D},
	Journal = {Physical Review Special Topics - Physics Education Research},
	Month = sep,
	Number = {2},
	Pages = {020124--14},
	Title = {{Teaching quantum interpretations: Revisiting the goals and practices of introductory quantum physics courses}},
	Volume = {11},
	Year = {2015}}

@article{Derbes1996,
	Author = {Derbes, David},
	Journal = {American Journal of Physics},
	Number = {7},
	Pages = {881--884},
	Title = {{Feynman{\textquoteright}s derivation of the Schr{\"o}dinger equation}},
	Volume = {64},
	Year = {1996}}

@article{Euve2016,
	Author = {Euv{\'e}, L{\'e}o-Paul and Michel, F and Parentani, R and Philbin, T G and Rousseaux, Germain},
	Journal = {Physical Review Letters},
	Month = sep,
	Number = {12},
	Pages = {121301--5},
	Title = {{Observation of Noise Correlated by the Hawking Effect in a Water Tank}},
	Volume = {117},
	Year = {2016}}

@article{Conforti2013,
	Author = {Conforti, Matteo and Marini, Andrea and Tran, Truong X and Faccio, Daniele and Biancalana, Fabio},
	Journal = {Optics Express},
	Month = dec,
	Number = {25},
	Pages = {31239--31252},
	Title = {{Interaction between optical fields and their conjugates in nonlinear media}},
	Volume = {21},
	Year = {2013}}

@article{Skryabin2003,
	Author = {Skryabin, Dmitry V and Luan, F and Knight, J C and Russell, P St J},
	Journal = {Science},
	Month = sep,
	Number = {5640},
	Pages = {1705--1708},
	Title = {{Soliton self-frequency shift cancellation in photonic crystal fibers}},
	Volume = {301},
	Year = {2003}}

@article{Nation2009,
	Author = {Nation, P D and Blencowe, M P and Rimberg, A J and Buks, E},
	Journal = {Physical Review Letters},
	Month = aug,
	Number = {8},
	Pages = {087004--4},
	Title = {{Analogue Hawking Radiation in a dc-SQUID Array Transmission Line}},
	Volume = {103},
	Year = {2009}}

@article{Leonhardt2007joa,
	Author = {Leonhardt, Ulf and Philbin, Thomas G},
	Date-Modified = {2018-10-17 16:09:08 -0500},
	Journal = {Journal of Optics A: Pure and Applied Optics},
	Month = aug,
	Number = {9},
	Pages = {S289--S293},
	Title = {{Quantum optics of spatial transformation media}},
	Volume = {9},
	Year = {2007}}

@article{deNova2018,
	Author = {de Nova, Juan Ram{\'o}n Mu{\~n}oz and Golubkov, Katrine and Kolobov, Victor I and Steinhauer, Jeff},
	Eprint = {1809.00913},
	Eprintclass = {gr-qc},
	Eprinttype = {arxiv},
	Journal = {arXiv},
	Month = sep,
	Title = {{Observation of Planckian Hawking radiation at the Hawking temperature in an analogue black hole}},
	Year = {2018}}

@article{Amiranashvili2014oe,
	Author = {Amiranashvili, Shalva and Bandelow, Uwe and Akhmediev, Nail},
	Journal = {Optics Express},
	Number = {24},
	Pages = {30251--30256},
	Title = {{Spectral properties of limiting solitons in optical fibers}},
	Volume = {22},
	Year = {2014}}

@article{Choudhary2012,
	Author = {Choudhary, Amol and K{\"o}nig, Friedrich},
	Journal = {Optics Express},
	Month = feb,
	Number = {5},
	Pages = {5538--5546},
	Title = {{Efficient frequency shifting of dispersive waves at solitons}},
	Volume = {20},
	Year = {2012}}

@article{Unruh2008,
	Author = {Unruh, William G},
	Journal = {Philosophical Transactions of the Royal Society A},
	Month = aug,
	Number = {1877},
	Pages = {2905--2913},
	Title = {{Dumb holes: analogues for black holes}},
	Volume = {366},
	Year = {2008}}

@article{Knight2003,
	Author = {Knight, Jonathan C},
	Journal = {Nature},
	Month = aug,
	Pages = {847--851},
	Title = {{Photonic crystal fibres}},
	Volume = {424},
	Year = {2003}}

@book{Dudley2010,
	Author = {Dudley, John M and Taylor, J R},
	Publisher = {Cambridge University Press},
	Title = {{Supercontinuum generation in optical fibers}},
	Year = {2010}}

@article{Leonhardt2002nat,
	Author = {Leonhardt, Ulf},
	Journal = {Nature},
	Month = jan,
	Number = {6870},
	Pages = {406--409},
	Title = {{A laboratory analogue of the event horizon using slow light in an atomic medium}},
	Volume = {415},
	Year = {2002}}

@article{Spagnolo2013,
	Author = {Spagnolo, Nicolo and Vitelli, Chiara and Aparo, Lorenzo and Mataloni, Paolo and Sciarrino, Fabio and Crespi, Andrea and Ramponi, Roberta and Osellame, Roberto},
	Journal = {Nature Communications},
	Pages = {1606--6},
	Title = {{Three-photon bosonic coalescence in an integrated tritter}},
	Volume = {4},
	Year = {2013}}

@article{Faccio2012cp,
	Author = {Faccio, Daniele},
	Journal = {Contemporary Physics},
	Month = feb,
	Number = {2},
	Pages = {97--112},
	Title = {{Laser pulse analogues for gravity and analogue Hawking radiation}},
	Volume = {53},
	Year = {2012}}

@article{Akhmediev1995,
	Author = {Akhmediev, Nail and Karlsson, Magnus},
	Journal = {Physical Review A},
	Month = mar,
	Number = {3},
	Pages = {2602--2607},
	Title = {{Cherenkov radiation emitted by solitons in optical fibers}},
	Volume = {51},
	Year = {1995}}

@article{Rosabal2018,
	Author = {Rosabal, J A},
	Eprint = {1808.08397v1},
	Eprintclass = {hep-th},
	Eprinttype = {arxiv},
	Journal = {arXiv},
	Month = aug,
	Title = {{A new perspective on the Unruh effect }},
	Year = {2018}}

@article{Unruh1976,
	Author = {Unruh, William G},
	Journal = {Physical Review D},
	Number = {4},
	Pages = {870--892},
	Title = {{Notes on black hole evaporation}},
	Volume = {14},
	Year = {1976}}

@article{Philbin2008b,
	Author = {Philbin, Thomas G and Kuklewicz, Chris and Robertson, Scott and Hill, Stephen and K{\"o}nig, Friedrich and Leonhardt, Ulf},
	Journal = {Science},
	Number = {5868},
	Pages = {1367--1370},
	Title = {{Fiber-optical analog of the event horizon (Sup. Info.)}},
	Volume = {319},
	Year = {2008}}

@article{Bermudez2015jp,
	Author = {Bermudez, David and Contreras-Astorga, Alonso and Fern{\'a}ndez C, David J},
	Journal = {Journal of Physics: Conference Series},
	Pages = {012017},
	Title = {{Painlev{\'e} IV Hamiltonian systems and coherent states}},
	Volume = {597},
	Year = {2015}}

@article{Belgiorno2016b,
	Author = {Belgiorno, F and Cacciatori, S L},
	Date-Modified = {2018-10-17 16:10:08 -0500},
	Eprint = {1603.04576v1},
	Eprintclass = {gr-qc},
	Eprinttype = {arxiv},
	Journal = {arXiv},
	Month = mar,
	Title = {{Stimulated emission and Hawking radiation in black hole analogues}},
	Year = {2016}}

@article{Costanzo2017,
	Author = {Costanzo, Luca S and Coelho, Antonio S and Biagi, Nicola and Fiur{\'a}{\v s}ek, Jarom{\'\i}r and Bellini, Marco and Zavatta, Alessandro},
	Journal = {Physical Review Letters},
	Month = jul,
	Number = {1},
	Pages = {013601--6},
	Title = {{Measurement-Induced Strong Kerr Nonlinearity for Weak Quantum States of Light}},
	Volume = {119},
	Year = {2017}}

@article{Linder2016,
	Author = {Linder, Malte F and Sch{\"u}tzhold, Ralf and Unruh, William G},
	Journal = {Physical Review D},
	Month = may,
	Number = {10},
	Pages = {104010--16},
	Title = {{Derivation of Hawking radiation in dispersive dielectric media}},
	Volume = {93},
	Year = {2016}}

@article{Takatsuji1967,
	Author = {Takatsuji, Masamoto},
	Journal = {Physical Review},
	Number = {3},
	Pages = {980--986},
	Title = {{Quantum Theory of the Optical Kerr Effect}},
	Volume = {155},
	Year = {1967}}

@article{Jacobson1991,
	Author = {Jacobson, Ted},
	Month = sep,
	Number = {6},
	Pages = {1731--1739},
	Title = {{Black hole evaporation and ultrashort distances}},
	Volume = {44},
	Year = {1991}}

@article{Kolesik2004,
	Author = {Kolesik, Miroslav and Moloney, Jerome V},
	Month = sep,
	Number = {3},
	Pages = {036604},
	Title = {{Nonlinear optical pulse propagation simulation: From Maxwell{\textquoteright}s to unidirectional equations}},
	Volume = {70},
	Year = {2004}}

@article{Krioukov2012,
	Author = {Krioukov, Dmitri},
	Eprint = {1204.0162},
	Eprinttype = {arxiv},
	Journal = {arXiv},
	Month = apr,
	Title = {{The Proof of Innocence}},
	Year = {2012}}

@book{Jackson1998,
	Author = {Jackson, John David},
	Edition = {3rd},
	Publisher = {John Wiley {\&} Sons},
	Title = {{Classical electrodynamics}},
	Year = {1998}}

@article{Finazzi2014,
	Author = {Finazzi, Stefano and Carusotto, Iacopo},
	Journal = {Physical Review A},
	Month = may,
	Number = {5},
	Pages = {053807},
	Title = {{Spontaneous quantum emission from analog white holes in a nonlinear optical medium}},
	Volume = {89},
	Year = {2014}}

@article{Couairon2011,
	Author = {Couairon, A and Brambilla, E and Corti, T and Majus, D and Ram{\'\i}rez-G{\'o}ngora, O. de J. and Kolesik, Miroslav},
	Journal = {The European Physical Journal Special Topics},
	Month = dec,
	Number = {1},
	Pages = {5--76},
	Title = {{Practitioner{\textquoteright}s guide to laser pulse propagation models and simulation}},
	Volume = {199},
	Year = {2011}}

@article{Schutzhold2013,
	Author = {Sch{\"u}tzhold, Ralf and Unruh, William G},
	Journal = {Physical Review D},
	Month = dec,
	Number = {12},
	Pages = {124009},
	Title = {{Hawking radiation with dispersion versus breakdown of the WKB approximation}},
	Volume = {88},
	Year = {2013}}

@article{Demircan2011,
	Author = {Demircan, A and Amiranashvili, Shalva and Steinmeyer, G},
	Journal = {Physical Review Letters},
	Number = {16},
	Title = {{Controlling Light by Light with an Optical Event Horizon}},
	Volume = {106},
	Year = {2011}}

@article{Bermudez2016pra,
	Author = {Bermudez, David and Leonhardt, Ulf},
	Journal = {Physical Review A},
	Month = may,
	Number = {5},
	Pages = {053820},
	Title = {{Hawking spectrum for a fiber-optical analog of the event horizon}},
	Volume = {93},
	Year = {2016}}

@article{Parikh1999,
	Author = {Parikh, Maulik K and Wilczek, Frank},
	Journal = {Physical Review Letters},
	Number = {24},
	Pages = {5042--5045},
	Title = {{Hawking radiation as tunneling}},
	Volume = {85},
	Year = {2000}}

@article{Jacobson1996,
	Author = {Jacobson, Ted},
	Journal = {Physical Review D},
	Month = jun,
	Number = {12},
	Pages = {7082--7088},
	Title = {{\textbf{On the origin of the outgoing black hole modes }}},
	Volume = {53},
	Year = {1996}}

@article{GaonaReyes2017,
	Author = {Gaona-Reyes, Jose Luis and Bermudez, David},
	Journal = {Annals of Physics},
	Pages = {41--58},
	Title = {{The theory of optical black hole lasers}},
	Volume = {380},
	Year = {2017}}

@article{Bermudez2014jp,
	Author = {Bermudez, David and Contreras-Astorga, Alonso and Fern{\'a}ndez C, David J},
	Journal = {Journal of Physics: Conference Series},
	Month = may,
	Pages = {012018},
	Title = {{Linearized coherent states for Hamiltonian systems with two equidistant ladder spectra}},
	Volume = {512},
	Year = {2014}}

@article{Amiranashvili2010,
	Author = {Amiranashvili, Shalva and Demircan, A},
	Journal = {Physical Review A},
	Month = jul,
	Number = {1},
	Pages = {013812--11},
	Title = {{Hamiltonian structure of propagation equations for ultrashort optical pulses}},
	Volume = {82},
	Year = {2010}}

@article{Leonhardt2003cb,
	Author = {Leonhardt, Ulf},
	Journal = {Reports on Progress in Physics},
	Month = jul,
	Number = {7},
	Pages = {1207--1249},
	Title = {{Quantum physics of simple optical instruments}},
	Volume = {66},
	Year = {2003}}

@book{Crowther2016,
	Author = {Crowther, Karen},
	Month = jul,
	Publisher = {Springer},
	Series = {Understanding Emergence in Effective Field Theory and Quantum Gravity},
	Title = {{Effective spacetime}},
	Year = {2016}}

@article{Braidotti2017,
	Author = {Braidotti, Maria Chiara and Conti, Claudio},
	Eprint = {1708.02623v1},
	Eprintclass = {gr-qc},
	Eprinttype = {arxiv},
	Journal = {arXiv},
	Month = aug,
	Title = {{Quantum simulation of rainbow gravity by nonlocal nonlinearity}},
	Year = {2017}}

@book{Leonhardt2010,
	Address = {Cambridge},
	Author = {Leonhardt, Ulf},
	Publisher = {Cambridge University Press},
	Title = {{Essential quantum optics}},
	Year = {2010}}

@article{Bermudez2012sig,
	Author = {Bermudez, David},
	Journal = {Symmetry, Integrability and Geometry: Methods and Applications},
	Month = oct,
	Pages = {069},
	Title = {{Complex SUSY transformations and the Painlev{\'e} IV equation}},
	Volume = {8},
	Year = {2012}}

@article{Solnyshkov2011,
	Author = {Solnyshkov, D D and Malpuech, G},
	Month = dec,
	Number = {23},
	Pages = {233405},
	Title = {{Black holes and wormholes in spinor polariton condensates}},
	Volume = {84},
	Year = {2011}}

@article{Conforti2014,
	Author = {Conforti, Matteo and Baronio, Fabio and Trillo, Stefano},
	Journal = {Physical Review A},
	Month = jan,
	Number = {1},
	Pages = {013807--8},
	Title = {{Resonant radiation shed by dispersive shock waves}},
	Volume = {89},
	Year = {2014}}

@phdthesis{Jacquet2018,
	Author = {Jacquet, Maxime},
	Month = apr,
	School = {University of St. Andrews},
	Title = {{Negative frequency at the horizon}},
	Year = {2018}}

@article{Arzano2005,
	Author = {Arzano, M and Medved, A J M and Vagenas, E C},
	Journal = {J. High Energy Phys.},
	Month = may,
	Number = {hep-th/0505266},
	Pages = {037. 13 p--245},
	Title = {{Hawking radiation as tunneling through the quantum horizon}},
	Volume = {09},
	Year = {2005}}

@article{Robertson2017,
	Author = {Robertson, Scott and Rousseaux, Germain},
	Eprint = {1706.05255v2},
	Eprintclass = {physics.flu-dyn},
	Eprinttype = {arxiv},
	Journal = {arXiv},
	Month = jun,
	Title = {{Viscous dissipation of surface waves and its relevance to analogue gravity experiments}},
	Year = {2017}}

@inproceedings{Evans2012,
	Address = {Washington, D.C.},
	Author = {Evans, Christopher C and Shtyrkova, Katia and Bradley, Jonathan D B and Ippen, Erich and Mazur, Eric},
	Booktitle = {Advanced Photonics Congress},
	Pages = {JW4D.4},
	Publisher = {OSA},
	Title = {{Spectral broadening of femtosecond pulses in polycrystalline anatase titanium dioxide waveguides}},
	Year = {2012}}

@incollection{Smith1997,
	Author = {Smith, Steven W},
	Booktitle = {The Scientist and Engineers Guide to Digital Signal Processing},
	Pages = {225--242},
	Title = {{The fast Fourier transform}},
	Year = {1997}}

@article{Rousseaux2008,
	Author = {Rousseaux, Germain and Mathis, Christian and Ma{\"\i}ssa, Philippe and Philbin, Thomas G and Leonhardt, Ulf},
	Journal = {New Journal of Physics},
	Number = {5},
	Pages = {053015},
	Title = {{Observation of negative-frequency waves in a water tank: a classical analogue to the Hawking effect?}},
	Volume = {10},
	Year = {2008}}

@article{Heinrich2014,
	Author = {Miri, Mohammad-Ali and Stutzer, Simon and El-Ganainy, Ramy and Nolte, Stefan and Szameit, Alexander and Christodoulides, Demetrios N and Heinrich, Matthias},
	Journal = {Nature Communications},
	Month = apr,
	Pages = {1--7},
	Title = {{Supersymmetric mode converters}},
	Volume = {5},
	Year = {2014}}

@booklet{Sivia2006,
	Author = {Sivia, D and Skilling, J},
	Howpublished = {Oxford Science Publications},
	Title = {{Data analysis: a Bayesian tutorial}},
	Year = {2006}}

@incollection{Leonhardt2009,
	Author = {Leonhardt, Ulf and Philbin, Thomas G},
	Booktitle = {Progress in optics},
	Pages = {69--152},
	Publisher = {Elsevier},
	Title = {{Transformation Optics and the Geometry of Light}},
	Year = {2009}}

@mscthesis{GaonaReyes2016,
	Address = {Cinvestav},
	Author = {Gaona-Reyes, Jose Luis},
	Month = nov,
	School = {Cinvestav},
	Title = {{Theoretical description of the Optical Black Hole Laser}},
	Year = {2016}}

@article{Beebe2017,
	Author = {Beebe, Cameron and Poellinger, Roland},
	Month = sep,
	Pages = {1--20},
	Title = {{Bayesian Confirmation from Analog Models}},
	Year = {2017}}

@article{Helfer2011,
	Author = {Helfer, Adam D},
	Journal = {arXiv},
	Month = may,
	Pages = {1--50},
	Title = {{Black holes reconsidered}},
	Year = {2011}}

@book{Dudley2016,
	Author = {Faccio, Daniele and Dudley, John M},
	Editor = {Dudley, John M and Faccio, Daniele},
	Month = jun,
	Publisher = {IOS Press},
	Title = {{Frontiers in modern optics }},
	Year = {2016}}

@article{Feintzeig2015,
	Author = {Feintzeig, Benjamin},
	Journal = {Synthese},
	Month = sep,
	Number = {9},
	Pages = {2685--2705},
	Title = {{Unitary inequivalence in classical systems}},
	Volume = {193},
	Year = {2015}}

@article{Poncela2016,
	Author = {Poncela-Casasnovas, J and Gutierrez-Roig, M and Gracia-Lazaro, C and Vicens, J and Gomez-Gardenes, J and Perello, J and Moreno, Y and Duch, J and Sanchez, A},
	Journal = {Science Advances},
	Month = aug,
	Number = {8},
	Pages = {e1600451--e1600451},
	Title = {{Humans display a reduced set of consistent behavioral phenotypes in dyadic games}},
	Volume = {2},
	Year = {2016}}

@article{Nguyen2015,
	Author = {Nguyen, H S and Gerace, D and Carusotto, Iacopo and Sanvitto, D and Galopin, E and Lema{\^\i}tre, A and Sagnes, I and Bloch, J and Amo, A},
	Journal = {Physical Review Letters},
	Month = jan,
	Number = {3},
	Pages = {036402--5},
	Title = {{Acoustic black hole in a stationary hydrodynamic flow of microcavity polaritons}},
	Volume = {114},
	Year = {2015}}

@article{Bermudez2016var,
	Author = {Bermudez, David and Drori, Jonathan and Leonhardt, Ulf},
	Journal = {Proc. Inter. School Phys. Enrico Fermi},
	Month = jun,
	Number = {1},
	Pages = {1--30},
	Title = {{Dialogues about geometry and light}},
	Volume = {190},
	Year = {2016}}

@article{deNova2016,
	Author = {de Nova, J R M and Finazzi, S and Carusotto, Iacopo},
	Journal = {Physical Review A},
	Month = oct,
	Number = {4},
	Pages = {043616--15},
	Title = {{Time-dependent study of a black-hole laser in a flowing atomic condensate}},
	Volume = {94},
	Year = {2016}}

@book{Canuto2006,
	Address = {Dordrecht},
	Author = {Canuto, C and Hussaini, M Yousuff and Quarteroni, Alfio and Zang, Thomas A},
	Publisher = {Springer},
	Series = {Scientific Computation},
	Title = {{Spectral methods: fundamentals in single domains}},
	Year = {2006}}

@article{RoldanMolina2016,
	Author = {Rold{\'a}n-Molina, A and Nunez, A S and Duine, R A},
	Eprint = {1610.02313v1},
	Eprintclass = {cond-mat.mes-hall},
	Eprinttype = {arxiv},
	Journal = {arXiv},
	Month = oct,
	Title = {{Magnonic black holes}},
	Year = {2016}}

@article{Braidotti2017b,
	Author = {Braidotti, Maria Chiara and Musslimani, Ziad H and Conti, Claudio},
	Date-Modified = {2018-10-17 16:10:02 -0500},
	Journal = {Physica D},
	Month = jan,
	Pages = {34--41},
	Title = {{Generalized uncertainty principle and analogue of quantum gravity in optics}},
	Volume = {338},
	Year = {2017}}

@article{Pauli1927,
	Author = {Pauli, W},
	Journal = {Zeit. f Phys.},
	Month = may,
	Pages = {1--20},
	Title = {{On the quantum mechanics of magnetic electrons}},
	Year = {1927}}

@article{Wu2009,
	Author = {Wu, Xiang-Yao and Liu, Xiao-Jing and Wu, Yi-Heng and Wang, Qing-Cai and Wang, Yan and Chi, Li-Xin},
	Journal = {International Journal of Theoretical Physics},
	Month = nov,
	Number = {1},
	Pages = {194--200},
	Title = {{Quantum wave equation of photon}},
	Volume = {49},
	Year = {2009}}

@article{Haus2001,
	Author = {Haus, H A and Ippen, E P},
	Journal = {Optics Letters},
	Month = nov,
	Number = {21},
	Pages = {1654--1656},
	Title = {{Group velocity of solitons}},
	Volume = {26},
	Year = {2001}}

@article{Demircan2014,
	Author = {Demircan, Ayhan and Amiranashvili, Shalva and Br{\'e}e, Carsten and Morgner, Uwe and Steinmeyer, G{\"u}nter},
	Journal = {Optics Express},
	Number = {4},
	Pages = {3866--14},
	Title = {{Supercontinuum generation by multiple scatterings at a group velocity horizon}},
	Volume = {22},
	Year = {2014}}

@book{Weinberg1995,
	Author = {Weinberg, Steven},
	Month = oct,
	Publisher = {Cambridge University Press},
	Title = {{The quantum theory of fields. I - Foundations}},
	Year = {2004}}

@article{Leonhardt2009njp,
	Author = {Leonhardt, Ulf},
	Journal = {New Journal of Physics},
	Month = sep,
	Number = {9},
	Pages = {093040},
	Title = {{Perfect imaging without negative refraction}},
	Volume = {11},
	Year = {2009}}

@article{Husakou2001,
	Author = {Husakou, A V and Herrmann, J},
	Journal = {Physical Review Letters},
	Month = oct,
	Number = {20},
	Pages = {203901},
	Title = {{Supercontinuum generation of higher-order solitons by fission in photonic crystal fibers}},
	Volume = {87},
	Year = {2001}}

@article{Drori2018b,
	Author = {Drori, Jonathan and Rosenberg, Yuval and Bermudez, David and Silberberg, Yaron and Leonhardt, Ulf},
	Eprintclass = {gr-qc},
	Journal = {arXiv},
	Month = aug,
	Pages = {arXiv:1808.09244},
	Title = {{Observation of Stimulated Hawking Radiation in Optics - Supplemental Material}},
	Year = {2018}}

@article{Robertson2010,
	Author = {Leonhardt, Ulf and Robertson, Scott},
	Journal = {Physical Review A},
	Number = {6},
	Pages = {063835},
	Title = {{Frequency shifting at fiber-optical event horizons: The effect of Raman deceleration}},
	Volume = {81},
	Year = {2010}}

@phdthesis{McLenaghan2014phd,
	Address = {St. Andrews},
	Author = {McLenaghan, Joanna},
	Month = apr,
	School = {St. Andrews},
	Title = {{Negative frequency waves in optics: Control and investigation of their generation and evolution}},
	Year = {2014}}

@book{Drummond2000,
	Author = {Drummond, Peter D},
	Month = jul,
	Title = {{Quantum theory of nonlinear optics}},
	Year = {2000}}

@article{Lai1989,
	Author = {Lai, Y and Haus, H A},
	Journal = {Physical Review A},
	Number = {2},
	Pages = {844--853},
	Title = {{Quantum theory of solitons in optical fibers. I. Time-dependent Hartree approximation}},
	Volume = {40},
	Year = {1989}}

@article{Crispino2008,
	Author = {Crispino, Luis C B and Higuchi, Atsushi and Matsas, George E A},
	Journal = {Reviews of Modern Physics},
	Month = jul,
	Number = {3},
	Pages = {787--838},
	Title = {{The Unruh effect and its applications}},
	Volume = {80},
	Year = {2008}}

@article{Webb2014,
	Author = {Webb, Karen E and Xu, Yiqing and Dudley, John M and Genty, Go{\"e}ry and Murdoch, Stuart G},
	Journal = {Nature Communications},
	Month = sep,
	Pages = {4969},
	Title = {{Nonlinear optics of fibre event horizons}},
	Volume = {5},
	Year = {2014}}

@article{Yin2007,
	Author = {Yin, Lianghong and Lin, Qiang and Agrawal, Govind P},
	Journal = {Optics Letters},
	Month = feb,
	Number = {4},
	Pages = {391----393},
	Title = {{Soliton fission and supercontinuum generation in silicon waveguides}},
	Volume = {32},
	Year = {2007}}

@incollection{Ydri2017,
	Author = {Ydri, Badis},
	Booktitle = {Lectures on General Relativity, Cosmology and Quantum Black Holes},
	Pages = {1--33},
	Publisher = {IOP Publishing},
	Title = {{General relativity essentials}},
	Year = {2017}}

@article{Corley1999,
	Author = {Corley, Steven and Jacobson, Ted},
	Journal = {Physical Review D},
	Month = may,
	Number = {12},
	Pages = {124011},
	Title = {{Black hole lasers}},
	Volume = {59},
	Year = {1999}}

@article{Vysotina2012,
	Author = {Vysotina, N V and Rosanov, N N and Shatsev, A N},
	Journal = {Optics and Spectroscopy},
	Month = feb,
	Number = {2},
	Pages = {294--299},
	Title = {{Transformation of radiation upon its interaction with overtaking inhomogeneity in a medium with dispersion}},
	Volume = {112},
	Year = {2012}}
